3154 5030
620 305 784 410 *sae-

162 499 269 574 undeni
284 525 318 574 eo
335 501 566 594 supersedistis
595 507 769 590 pretextu,
800 503 890 588 qnod
921 497 1141 571 demandato
1165 498 1261 566 Sedis

161 615 329 701 apostolice
368 631 467 700 supcr
497 611 664 679 antedicto
704 611 852 697 negotio·
866 608 961 678 nobis
992 609 1136 676 iniuncto
1167 606 1262 674 uobis

35 745 36 754 ¹
161 741 213 808 per
227 723 407 810 rescriptum
416 720 711 808 Apostolicumnon
724 717 831 800 lucrat
852 719 941 784 sacta
965 715 1058 784 tides.
1084 714 1265 800 llapropter

34 855 36 866 ·
163 829 328 899 huiusmodi
356 829 541 914 scrupulum
566 826 655 895 dubii
672 825 713 894 de
728 827 934 894 consciencie
949 831 1058 892 vestre
1073 821 1181 890 medio
1196 819 1263 890 exi·

159 943 287 1024 mentes,
322 939 427 1024 ipsum
473 941 583 1003 nostre
622 933 852 1007 iurisdictionis
892 933 1109 1002 auctenticum
1139 927 1259 996 discre-

160 1044 236 1111 cioni
258 1051 359 1114 vestre
385 1045 536 1112 dunimns
566 1042 872 1120 transmittendum,
913 1049 948 1108 nt
986 1059 1028 1108 ex
1069 1038 1175 1124 ipsius
1212 1036 1264 1104 in-

160 1154 310 1240 spectione
335 1151 376 1220 de
401 1151 626 1220 iurisdictione
650 1150 747 1218 nobis
772 1149 972 1216 demandata
997 1145 1171 1216 cerciorari
1195 1145 1263 1230 ple-
1320 1192 1322 1196 .

158 1259 225 1326 nius
239 1259 381 1346 ualeatis.
411 1258 608 1327 Mandanes
625 1257 736 1339 itaque
752 1255 846 1322 nobis
863 1252 1044 1323 districtius
1060 1253 1265 1321 auctoritate,

158 1385 217 1450 qua
238 1365 413 1455 fungimur,
438 1369 593 1452 quatinus
619 1387 660 1432 cx
685 1365 886 1450 inspectione
901 1361 1086 1430 transmissi
1101 1360 1194 1428 nubis
1209 1379 1265 1425 au-

92 1491 93 1496 ’
159 1474 275 1542 etenticl
289 1475 330 1544 de
344 1477 488 1544 iniuncto
503 1474 597 1542 nobis
613 1473 744 1559 negotio
760 1473 850 1540 iacta
864 1471 930 1540 fide
945 1470 1132 1540 discretioni
1157 1474 1265 1536 uestrc

159 1581 338 1652 certitudine
361 1583 499 1669 pleniori
523 1584 594 1650 sine
619 1600 707 1649 more
733 1579 903 1665 dispendio
918 1576 1113 1660 ¹fraudisque
1128 1574 1265 1673 oonsilio

156 1689 250 1756 latam
266 1711 286 1758 a
300 1691 396 1759 nobis
412 1689 723 1760 excomunicationis
739 1688 937 1755 sententiam
952 1687 985 1752 in
1003 1682 1204 1753 antedictum
1213 1682 1265 1748 W.

153 1797 191 1864 ds
206 1792 293 1866 Orcu
309 1798 532 1885 sollempniter
547 1797 720 1884 publicetis
730 1845 740 1881 ,
750 1859 754 1867 .
765 1797 956 1882 ipsumque,
973 1790 1187 1876 quoadusque
1204 1788 1265 1854 iuri

151 1905 259 1992 pariat,
275 1906 408 1975 famatis
423 1908 537 1994 apcius
553 1908 596 1973 ab
613 1905 762 1973 omnibus
777 1903 906 1972 coitari
935 1897 1137 1986 Prccipimus
1153 1897 1266 1979 itaque

154 2013 238 2082 uobis
255 2015 371 2082 eadem
387 2015 594 2099 auctoritate·
605 2014 760 2098 quatinus
770 2013 877 2098 ipsum
888 2010 1048 2096 originale
1059 2005 1153 2074 uobis
1163 2009 1266 2078 trans

152 2121 275 2209 missum
290 2139 356 2188 ncu
373 2123 615 2206 cancellatum,
637 2143 702 2189 non
718 2120 894 2204 uiciatum,
920 2138 992 2187 non·
1001 2115 1159 2184 abolitum
1183 2110 1217 2180 et¹
1234 2112 1267 2180 in

150 2228 247 2314 prima
269 2227 393 2316 figura,
418 2235 515 2316 prout
538 2230 634 2298 uobis
659 2229 883 2314 exhibebitur,
908 2223 1003 2294 nobis
1017 2221 1180 2292 remittere
1194 2240 1267 2309 pro·

148 2337 272 2406 curetis.

246 2460 328 2517 XXI.
384 2459 462 2518 12³8.

248 2572 286 2638 F.
312 2459 376 2638 1)(Σί
401 2459 520 2668 grazia·
541 2571 674 2641 lrumilis
690 2571 881 2641 Monasterii
897 2571 1018 2640 Sancte
1033 2573 1136 2642 llario
1153 2575 1267 2644 Scoto-

28 2675 29 2680 ’
144 2698 211 2748 rum
228 2681 261 2747 in
271 2681 423 2766 Wieuua,
441 2681 680 2768 Prepositnset
696 2683 851 2750 Dcoanus
866 2681 1129 2766 Niunburgensis
1143 2682 1268 2753 iudices

142 2785 267 2854 aSede
283 2787 477 2872 Apostolica
502 2787 649 2874 delegati
684 2787 783 2855 nobili
810 2787 880 2854 uirc
906 2785 1036 2854 domino
1056 2788 1107 2855 W.
1124 2789 1267 2858 dc'Pest

61 2959 65 2966 .
139 2893 193 2960 Ad
209 2893 432 2962 multimodam
449 2894 598 2982 magistri
613 2895 656 2961 fl:
670 2895 837 2962 scolastici
852 2893 895 2962 de
908 2897 989 2962 -Pest
999 2945 1008 2981 ‚
1026 2895 1080 2980 qni
1095 2915 1154 2982 pro
1169 2917 1267 2986 nego·

138 3004 185 3069 tio
212 3008 321 3070 uestro
346 3003 569 3090 promouendo
595 3002 733 3071 fideliter
759 3003 923 3070 laborauit
940 3007 973 3070 et
988 3001 1125 3071 aliorum
1149 3003 1269 3074 arnico·

135 3129 211 3176 rum
225 3116 409 3177 uestrorum
425 3111 616 3180 instantiam
633 3111 676 3178 ad
692 3111 755 3178 hoe
770 3131 879 3179 sumus
895 3111 1068 3196 inclinati,
1094 3109 1179 3196 quod
1195 3131 1268 3181 seu-

134 3218 248 3285 tencre
263 3218 586 3304 excomunicatiouis,
608 3228 706 3304 qua'm
722 3220 755 3288 in
772 3237 832 3285 uos
848 3218 966 3286 uestfls
982 3218 1189 3304 exigentibus
1203 3241 1269 3288 me-

131 3323 211 3391 ritis
226 3323 370 3392 dictante
380 3327 517 3394 ,iusticia
537 3325 887 3413 promulgauimus,ad
899 3344 1035 3411 presens
1047 3327 1271 3395 executionem

127 3429 320 3500 ‘differimus
331 3483 341 3518 ‚
367 3433 415 3501 ita
440 3433 529 3517 quod
552 3433 699 3519 predicte
726 3431 1043 3512 excomunicationis·
1060 3433 1269 3530 denunciatio

138 3557 243 3623 usque
259 3538 302 3606 ud
318 3545 468 3624 quartum
484 3542 601 3609 leriam
617 3541 652 3607 in'
677 3542 864 3609 ebdomada
879 3543 1093 3610 Pentecosten
1115 3544 1267 3628 conquis-

139 3655 215 3716 scut
229 3648 333 3736 partis
350 3632 519 3734 utriusque
532 3648 922 3718 sa1u0·iure.Predioeam
937 3649 1036 3737 igitur
1052 3659 1204 3746 quartam
1221 3651 1268 3721 ie-

122 3758 225 3824 'riam
244 3757 346 3824 uobis
370 3743 430 3846 p'ro
456 3757 595 3827 termino
621 3765 654 3824 et
679 3759 783 3824 locum
799 3759 832 3825 in
847 3757 1044 3826 Hevnburch
1060 3744 1093 3826 et
1108 3760 1197 3844 parti
1211 3761 1268 3829 ad-

141 3881 237 3930 uerso
252 3865 449 3952 prefigentes
467 3866 663 3934 auctoritate
679 3885 744 3949 qua
759 3865 922 3951 fungimur
937 3866 1150 3954 precipiendo
1176 3889 1266 3936 man·

143 3969 279 4058 damus,
306 3974 458 4058 quatinus
483 3981 559 4042 tunc
575 3973 698 4042 ibidem
714 3975 747 4041 iu
764 3973 905 4043 ecclesia
920 3973 1121 4066 parrochiali
1135 3995 1194 4062 per
1210 3997 1270 4046 uos
1297 3975 1300 3984 '

141 4077 195 4144 ucl
210 4099 269 4164 per
283 4085 526 4166 procuratorem
542 4081 741 4150 sufficienter
751 4083 945 4149 instructum
955 4103 1067 4150 coram
1077 4084 1172 4152 uobis
1183 4103 1269 4152 com·
1308 4117 1311 4126 ’

141 4186 310 4272 pareatis,
323 4187 675 4275 ⁴aduersariisuestris,
705 4191 859 4259 uidelicet
868 4190 996 4270 'Abbati
1011 4191 1134 4260 Sancte
1156 4193 1270 4261 Crucis

143 4303 178 4362 et
193 4313 252 4364 suo
265 4298 438 4364 concentui
455 4298 685 4366 satisfacturus
701 4305 735 4366 et
749 4299 782 4366 in
799 4319 913 4384 eausa,
925 4309 988 4385 que'
1003 4298 1098 4367 nobis
1115 4305 1166 4367 est
1180 4299 1270 4369 dele-

142 4409 234 4490 gata,
251 4423 484 4493 responsurus,
501 4406 647 4492 alioquin
663 4414 820 4490 qnantum
835 4405 876 4474 de
893 4409 963 4476 iure
979 4403 1270 4496 posuerimuspro-

142 4509 308 4578 cedemus.
324 4505 490 4580 Noreritls
506 4512 648 4600 insuper,
666 4513 754 4600 quod
770 4517 896 4583 amicus
906 4523 945 4582 et
963 4515 1072 4584 affinis
1088 4519 1199 4582 uester
1214 4513 1269 4582 do·

144 4620 251 4687 minus
261 4618 421 4687 Toschelo
437 4623 636 4692 ot'dominus
647 4623 771 4712 Syboto
784 4623 913 4692 institor
928 4621 972 4689 ad
987 4619 1182 4710 peticionem
1197 4641 1270 4710 pre·
