3154 5030
716 261 875 367 ..1.1.⁶..

239 462 422 530 Iniunctum
447 467 519 529 erat
540 461 634 530 uobis
658 480 701 529 ex
726 466 820 546 parte
844 460 967 528 domini
992 459 1083 546 Pape
1099 459 1241 542 quedam
1257 477 1362 527 eausa

240 567 498 653 determinanda,
514 587 577 652 que
592 569 728 636 uertitur
743 568 828 634 inter
842 566 1006 635 dominum
1015 567 1177 636 Abbstem
1186 567 1363 637 deSauota

241 675 344 744 (truce
360 683 393 743 et
409 675 574 743 dominum
590 674 640 742 W.
657 675 699 744 de
714 673 807 742 Ouen
816 723 825 758 ,
846 674 1117 763 etindixersmus
1133 674 1218 742 diem
1235 692 1362 760 perem-

241 785 382 872 ptorium
407 783 555 870 proxima
579 782 662 852 teria
687 783 833 852 secunda
856 791 932 871 post
948 785 1068 852 Latere
1092 783 1293 864 Jerusalem,
1318 783 1363 850 ad

241 912 338 977 quam
352 892 465 960 uenire
480 911 546 958 non
561 893 724 977 potuimus
739 890 876 977 inpediti
892 889 1041 978 legitima
1056 909 1167 958 causa.
1192 891 1364 976 incipiatis

243 1021 320 1086 ergo
337 1019 474 1069 causam
489 1001 717 1085 determinare,
736 1005 832 1087 prout
848 998 989 1086 Spiritus
1000 1001 1138 1068 Sanctum
1154 997 1364 1084 uobisinspi-

241 1109 373 1178 reuerit.

348 1229 399 1288 VI.
411 1229 505 1304 (1236.
516 1231 676 1305 Heimburg
688 1231 845 1304 Augustus.
859 1230 961 1304 l-jdn.)

348 1327 388 1392 In
402 1324 532 1392 nomine
547 1325 657 1392 Patris
673 1332 706 1392 et
721 1325 798 1391 Filii
813 1332 846 1392 et
860 1323 1002 1410 Spiritus
1013 1323 1126 1392 Sancti
1136 1322 1250 1388 Amen.
1267 1323 1365 1390 Auno

243 1433 287 1500 ab
302 1432 531 1500 lucarnatione
547 1433 677 1501 Domini
687 1429 994 1500 M⁰GO⁰XXX⁰VI⁰.
1011 1431 1188 1498 indictione
1203 1449 1290 1496 nona
1305 1430 1366 1494 ka

244 1539 354 1606 leudis
377 1539 533 1623 Augusti,
557 1539 639 1607 hora
664 1539 730 1608 diei
754 1539 858 1606 tercia
882 1540 914 1605 in
941 1538 1093 1605 Ecclesia
1119 1537 1233 1605 Sancti
1248 1537 1365 1604 Jacobi

245 1645 446 1716 Haimbureh
469 1647 503 1714 in
529 1646 599 1714 loro
615 1647 728 1714 audita
743 1645 846 1714 missa
862 1665 922 1714 nos
938 1645 1059 1712 Diulua
1075 1645 1285 1713 miseratione
1301 1644 1367 1710 Ab·

245 1754 305 1822 bas
321 1755 488 1824 Scotorum
505 1755 537 1820 in
554 1753 694 1822 Wienua
711 1761 745 1820 et
760 1753 914 1821 Decauus
929 1753 1221 1837 Newinburgeusis
1241 1751 1366 1818 iudices

245 1862 390 1947 delegati
405 1880 427 1928 a
442 1862 541 1930 Guria
555 1863 724 1946 Romana,
740 1863 883 1946 receptis
899 1861 1020 1928 litteris
1036 1867 1069 1927 et
1084 1861 1258 1947 perlectis,
1283 1877 1367 1943 quas

144 1987 147 1994 ·
244 1968 365 2036 tercius
389 1968 552 2036 couiudex
579 1975 707 2054 noster,
733 1969 922 2055 Propositus
947 1968 1256 2049 Nerdnburgensis,
1272 1965 1370 2032 uobis

247 2067 433 2144 excusando
449 2077 631 2144 absentiam
647 2095 741 2144 suam
766 2083 799 2144 et
823 2078 914 2144 uices
931 2095 1008 2143 suas
1024 2075 1119 2142 nobis
1136 2072 1368 2142 committendo

228 2167 428 2254 ‚tr'ausmisit
437 2231 447 2268 ,
464 2182 732 2252 adiudicandum
749 2185 954 2252 consedimus
970 2201 1068 2268 super
1083 2201 1193 2264 eausa,
1218 2201 1280 2265 qne
1296 2201 1370 2248 uer·

246 2293 324 2360 titur
339 2293 423 2358 inter
437 2290 599 2359 Abbatern
615 2292 658 2360 de
674 2293 797 2360 Sancta
813 2293 916 2360 (truce
933 2297 966 2358 et
981 2291 1143 2359 dominum
1153 2290 1368 2358 Wernherum

248 2400 290 2468 de
306 2395 401 2466 Oueu
417 2417 516 2484 super
532 2398 724 2480 quibusdam
740 2399 881 2484 prediis,
907 2400 961 2483 qui
986 2405 1063 2466 sunt
1078 2401 1144 2465 sita
1159 2399 1368 2482 Pomgarten.

248 2505 436 2574 Exhibitum
461 2503 522 2572 luit
544 2508 656 2591 itaque
680 2504 775 2575 nobis
799 2505 996 2576 autenticum
1022 2505 1145 2574 domiui
1169 2507 1260 2592 Papo
1283 2504 1371 2570 hunc

246 2613 374 2682 habens
390 2619 547 2682 tenorem.

515 2771 711 2843 (Kdvelkeailu
724 2790 757 2829 su
771 2771 792 2827 l.
804 2772 886 2829 aletti
899 2769 986 2846 pdpai
998 2772 1101 2846 bulla.)

356 2936 435 3002 Post
449 2935 511 3002 hee
526 2935 660 3022 petebat
674 2936 789 3003 Abbas
805 2935 926 3003 Sancte
943 2936 1056 3005 (trucis
1065 2986 1074 3021 ,
1099 2943 1134 3004 ut
1149 2956 1285 3006 oausam
1301 2935 1368 3001 iam

250 3041 307 3110 diu
322 3045 550 3130 prolongatam
565 3043 675 3110 debito
692 3063 971 3128 prosequeremur.
995 3045 1099 3112 Nobis
1128 3055 1237 3112 autem
1270 3063 1372 3130 expe·

255 3151 557 3237 ctantibuspartem
568 3151 750 3228 aduersam,
767 3172 839 3220 cum
854 3173 918 3220 non
935 3153 1101 3237 uenisset,
1116 3173 1176 3220 nec
1191 3171 1269 3239 spes
1285 3155 1373 3219 essct

250 3257 291 3326 de
306 3257 450 3328 aduentu
466 3257 557 3344 eins,
582 3265 657 3346 post
680 3260 877 3348 multiplices
895 3260 1064 3347 inducias,
1090 3280 1173 3343 quas
1189 3258 1370 3331 sidedera

250 3385 332 3450 mus,
348 3365 425 3449 quia
440 3368 553 3434 uenire
568 3387 634 3436 non
651 3367 797 3452 curabat,
813 3385 874 3434 nee
889 3375 1131 3454 procuratorem
1147 3367 1244 3452 misit,
1263 3363 1372 3453 predi·

251 3479 322 3540 etus
338 3473 386 3539 W.
403 3473 446 3540 de
462 3470 553 3540 Ouen
571 3482 704 3562 propter
730 3475 967 3544 contumaciam
993 3473 1249 3560 condempnatus
1274 3478 1326 3544 est
1349 3489 1373 3536 a

251 3578 346 3648 nobis
362 3579 500 3648 subhac
515 3581 629 3649 forma.

358 3701 423 3758 v11.
438 3698 530 3772 (1236.
544 3701 692 3772 Augustus
705 3703 805 3778 1-jen.)

359 3794 398 3860 In
413 3795 543 3860 nomine
558 3795 666 3863 Patris
682 3803 716 3864 et
731 3797 809 3864 Filii
825 3804 857 3866 et
873 3798 1013 3884 Spiritus
1028 3797 1142 3867 Sancti
1157 3799 1270 3866 Amen.
1304 3795 1372 3864 Nos

252 3901 380 3970 iudices
403 3901 548 3986 delegati
574 3903 848 3991 condempnamus
865 3905 1080 3974 Wernherum
1095 3901 1247 3973 de'Oueu
1262 3905 1296 3970 iu
1311 3923 1373 3970 ex-

252 4008 366 4097 pensis
382 4005 521 4075 Abbatis
536 4009 657 4078 Sancte
673 4011 787 4080 Crucis
803 4019 936 4100 propter
961 4013 1215 4099 contumaciam,
1244 4019 1277 4079 et
1301 4030 1374 4098 pos·
1398 4077 1400 4081 .

254 4115 435 4186 sessionem
450 4133 550 4182 eausa
560 4117 607 4186 rei
617 4120 779 4188 seruando
789 4122 1048 4189 adiudicauimus
1059 4121 1090 4188 ci
1099 4121 1256 4189 mittendo
1266 4121 1373 4208 ipsum

253 4225 287 4291 in
302 4224 505 4311 corporalem
519 4228 763 4310 possessionem
779 4236 812 4296 et
826 4227 1031 4298 defendendo
1042 4229 1208 4298 inductum
1224 4249 1283 4316 per
1299 4247 1374 4296 cen·

254 4351 365 4402 suram
389 4333 669 4420 ecelesiasticam,
693 4337 741 4404 ite
758 4343 793 4404 ut
808 4337 939 4421 quaudo
954 4357 1031 4406 reus
1047 4338 1133 4406 idem
1150 4339 1200 4405 W.
1217 4337 1303 4404 iufra
1317 4355 1376 4403 eu·

254 4460 330 4508 num
346 4441 471 4508 uenerit
486 4449 519 4510 et
535 4443 719 4513 cautionem
735 4445 777 4512 de
794 4447 910 4514 stando
927 4447 990 4515 iuri
1006 4445 1185 4533 prostiterit
1202 4453 1235 4512 et
1251 4461 1375 4531 expeu-

256 4567 330 4634 εει,
356 4567 417 4632 que
433 4549 519 4616 facte
536 4553 657 4620 suntin
673 4555 764 4622 litem
773 4603 782 4639 ,
800 4574 873 4622 cum
888 4555 1057 4624 taxatione
1073 4563 1107 4621 et
1122 4555 1303 4622 iuramento
1318 4551 1376 4620 ds·
