3220 5058
724 285 883 389 Α
1009 305 1012 310 ,

241 469 364 538 olnaelis
379 471 428 538 III
441 472 583 545 senones
600 497 660 563 per
678 483 788 568 eapite
804 466 935 550 eorum(
956 484 1008 550 Et.
1021 485 1083 551 Inoo
1097 487 1246 572 predium
1264 486 1364 557 habet

240 583 358 644 terram
385 586 540 648 metatum
562 585 613 651 ed
630 587 746 672 viginti
770 593 913 676 quinque
939 598 1052 659 aratra
1078 594 1225 681 exeeptis
1249 596 1362 681 pratis,

239 685 367 768 stagnis
384 691 417 750 et
431 689 632 759 arundinetis
648 700 681 760 et
696 695 875 782 piscatura,
897 717 994 782 quam
1010 699 1111 766 habet
1127 700 1161 767 in
1176 703 1298 788 Ὑγείας
1316 697 1364 787 (et

241 790 327 872 quod
345 789 443 880 habet
458 794 594 882 Tyoiam
611 791 712 868 totam
728 823 801 871 oum
817 807 1007 891 pisoaoione
1023 827 1085 874 sua
1101 814 1134 873 et
1148 809 1257 876 insula
1273 829 1294 876 a
1311 827 1362 874 oa-

185 901 190 909 '
242 897 309 984 pite
332 907 490 970 metarum
514 900 617 988 usqne
633 910 676 975 ad
691 911 878 980 Kenesanie
889 963 899 998 ,
924 920 958 980 et
973 915 1195 1004 erundlnetum
1212 915 1363 982 adiaoen-
1410 957 1412 960 -

241 1015 305 1072 tem
322 1005 425 1094 Tyoio
441 1029 545 1094 usque
561 1013 608 1080 ad
621 1025 748 1100 portum
764 1018 821 1086 ubi
836 1020 995 1088 transitur
1010 1042 1068 1109 per
1084 1021 1250 1109 Tyoiam).
1281 1024 1362 1090 Gon-

241 1115 430 1218 termiuales
446 1120 642 1192 uerohabet
656 1125 717 1192 has
733 1125 851 1194 villus:
870 1129 1071 1196 Zutlrumar.
1090 1179 1098 1196 .
1116 1177 1123 1194 .
1142 1181 1149 1195 .
1216 1157 1218 1162 ¹

346 1224 383 1288 In
398 1225 512 1310 predio
528 1228 695 1299 Elohen
706 1283 716 1317 ,
741 1238 828 1317 quod
854 1237 922 1304 alio
947 1237 1077 1303 nomine
1103 1242 1237 1304 noratur
1256 1233 1364 1304 Batha

240 1329 301 1398 heo
317 1338 392 1399 sunt
406 1336 538 1402 nomIna
554 1339 747 1408 seruitorum
763 1344 813 1429 A„
823 1343 873 1429 B.,
883 1344 930 1428 0.,
940 1346 987 1428 Ρ.,
1004 1325 1051 1430 S„
1069 1365 1142 1413 oum
1158 1343 1226 1412 onie
1242 1363 1362 1428 oogna-

239 1437 283 1536 tis
299 1443 331 1504 et
346 1437 442 1527 tillir,
467 1443 522 1524 qui
547 1465 618 1512 oum
634 1467 695 1516 sua
712 1453 913 1536 oognaoioue
928 1459 1037 1538 preter
1054 1453 1208 1539 paruulos
1226 1459 1259 1518 et
1273 1453 1364 1519 iuue-

242 1564 301 1613 nes
318 1554 393 1613 sunt
407 1549 473 1616 XX
487 1555 675 1642 mansiones
684 1604 694 1638 ,
711 1560 768 1639 qui
783 1560 904 1625 debent
919 1580 1015 1626 arare
1031 1567 1063 1626 ot
1078 1561 1211 1644 piscari.
1243 1559 1286 1625 Et
1301 1559 1364 1626 hoo

242 1652 390 1736 predium
404 1655 508 1725 habet
521 1665 642 1728 terram
657 1663 702 1729 ad
718 1662 781 1748 duo
797 1671 925 1749 aratra,
951 1673 1060 1752 preter
1082 1667 1254 1752 pascualia
1270 1675 1305 1732 et
1320 1665 1364 1732 to-

244 1763 341 1844 neta,
366 1781 428 1845 que
443 1771 519 1830 sunt
535 1769 718 1836 eommunia
733 1792 806 1838 oum
822 1773 911 1838 villa.
944 1774 1102 1841 Similiter
1116 1774 1315 1858 piscaturam
1330 1774 1365 1838 in

241 1868 394 1938 Danubio
410 1877 443 1938 et
457 1873 491 1940 in
505 1871 616 1960 fluuio
635 1877 894 1946 Gonterminsles
910 1880 1011 1947 habet
1027 1880 1088 1972 has
1104 1881 1219 1946 villas:
1237 1879 1364 1963 Batha3

242 1978 276 2040 ot
291 1975 325 2042 in
340 1979 416 2045 aliis
432 1983 580 2068 stagnis,
600 1985 827 2068 quooriuntur
843 2007 888 2056 ex
900 1989 1073 2072 Danobio,
1097 1988 1221 2074 hubent
1239 1995 1365 2074 partem
1425 2021 1429 2028 ·

241 2083 391 2168 pisoandi
416 2106 614 2158 communem
631 2113 702 2162 oum
718 2095 858 2163 villanis.
883 2092 1050 2182 (Predium
1065 2097 1191 2164 Elohen
1206 2097 1365 2179 obligaui-

242 2208 314 2276 mus
337 2211 397 2277 pro
422 2199 494 2262 uoto
518 2199 638 2267 merois
662 2209 737 2270 ooto
760 2205 855 2270 annis
871 2205 1030 2287 magistro
1045 2205 1189 2272 Johanni
1204 2209 1238 2272 et
1252 2203 1365 2271 Domi·

243 2297 317 2366 nioo
340 2297 411 2368 lilio.
431 2303 515 2372 Beni
540 2307 574 2374 in
598 2308 685 2376 festo
700 2309 798 2378 Beati
814 2297 940 2390 Mathis
959 2324 1048 2380 anno
1068 2310 1199 2378 Domini
1214 2311 1365 2380 M⁰ooc⁰

243 2405 463 2498 duodecimo.)
872 2485 874 2492 ,
1212 2449 1215 2458 ·

349 2517 387 2584 In
412 2520 525 2606 predio
551 2524 677 2616 Ery-g
702 2525 763 2596 heo
788 2533 863 2594 sunt
885 2526 1253 2613 uomInajobagionum
1269 2543 1367 2608 eque·

244 2625 356 2694 sirium
379 2677 388 2695 .
414 2677 422 2694 .
440 2675 445 2684 ·
446 2678 619 2699 ......
639 2677 643 2686 ·
645 2679 822 2703 ......
839 2636 895 2718 qui
911 2655 981 2702 oum
999 2656 1061 2702 sua
1076 2627 1283 2720 oognaoioue'
1294 2651 1366 2726 pre·

243 2741 292 2802 ter
307 2738 463 2822 paruulos
479 2746 512 2806 et
526 2740 660 2809 iuuenes
676 2749 751 2810 sunt
766 2743 830 2811 due
846 2743 1044 2810 mansiones.
1066 2741 1172 2808 Etieti
1182 2759 1280 2828 pares
1290 2729 1366 2806 sun't
1404 2821 1406 2825 Ι

243 2843 276 2910 in
289 2845 441 2940 ‚seruitio
467 2847 542 2916 aliis
568 2851 786 2936 equestribus.
812 2853 850 2918 In
876 2851 991 2919 eodem
1009 2850 1123 2938 predio
1140 2850 1200 2917 heo
1217 2855 1294 2916 sunt
1308 2867 1364 2914 no·

243 2953 333 3020 mina
347 2962 530 3024 aratorum:
557 2957 662 3044 Orod,
689 2959 862 3046 llodoms,
880 2961 936 3045 qui
952 2981 1025 3028 oum
1041 2957 1317 3042 suaoognaoioue
1333 2963 1367 3022 et

245 3059 319 3128 nliir
335 3069 444 3147 preter
459 3067 614 3152 paruulos
630 3075 663 3135 et
678 3065 816 3135 iuuenes
830 3076 905 3135 sunt
920 3067 998 3136 VIII
1013 3066 1211 3134 mansiones.
1244 3063 1287 3130 Ilt
1311 3063 1367 3130 isti

243 3165 368 3236 similes
384 3179 459 3239 sunt
474 3172 549 3240 aliis
566 3176 760 3243 aratoribus.
793 3177 835 3243 Et
861 3175 948 3243 istud
964 3176 1113 3259 predium
1127 3173 1230 3238 habet
1244 3180 1367 3237 terram

244 3277 289 3344 ad
304 3275 373 3344 1111
388 3285 521 3363 aratra,
538 3287 571 3347 ot
586 3281 730 3350 fanetum
746 3287 779 3348 et
794 3290 948 3367 stagnum
964 3283 997 3348 in
1015 3281 1124 3360 valle,
1142 3297 1204 3359 quo
1220 3275 1368 3342 subiaoet

244 3383 323 3450 ville
339 3386 551 3452 eommuniter
567 3406 642 3455 oum
658 3391 775 3458 eadem
787 3389 880 3458 ¹villo.
899 3386 1159 3474 conterminales
1170 3383 1252 3450 'uero
1268 3382 1367 3449 uillas

244 3490 347 3558 habet
362 3491 443 3560 has:
461 3494 582 3580 Bosuo,
601 3496 736 3576 Costun,
752 3495 882 3580 Tapan.
955 3507 959 3515 ’

248 3663 250 3668 2
351 3601 387 3665 ln
402 3599 518 3684 predio
534 3603 643 3689 Lety
659 3599 722 3668 heo
739 3607 815 3667 sunt
830 3599 963 3668 nomina
978 3597 1181 3684 populorum,
1199 3597 1252 3680 qui
1268 3597 1366 3678 vulgo
1411 3593 1413 3598 ’

246 3705 398 3774 (linuntur
424 3720 610 3794 meyemato:
639 3710 746 3776 Pousa
771 3727 843 3775 eum
866 3705 1033 3792 germanis
1057 3711 1089 3771 et
1112 3703 1201 3788 filiis;
1219 3703 1276 3787 qui
1295 3721 1387 3771 oum·

247 3835 308 3884 sua
323 3815 525 3901 eognaoione
540 3821 649 3903 preter
665 3819 819 3905 paruulos
836 3823 871 3882 et
885 3817 1021 3884 iuuenes
1031 3811 1366 3884 suntVImunsiones.

248 3924 289 3990 Et
313 3923 376 3991 hoo
398 3925 546 4010 predium
570 3926 670 3993 habet
693 3932 813 3992 terram
838 3924 882 3990 ad
900 3924 964 3990 tria
978 3927 1091 3989 aratra
1106 3925 1139 3992 ot
1155 3911 1296 3986 fenetuin
1311 3939 1368 3985 no*

247 4033 334 4098 mine
348 4033 512 4118 Apartoe,
539 4035 768 4116 arundinetum
792 4039 825 4101 et
843 4050 970 4120 pasoua
988 4049 1141 4117 peoorum
1157 4027 1368 4095 eommuniter

247 4159 319 4206 oum
343 4137 548 4226 uduorniois3
575 4147 608 4206 et
632 4141 667 4206 in
691 4141 758 4208 IIII
782 4141 862 4208 loeis
888 4141 995 4206 Iooum
1015 4140 1247 4221 congruentem
1262 4134 1367 4218 pisea-

248 4249 344 4332 oioni‚
363 4249 420 4332 qui
436 4247 523 4333 uulgo
539 4244 643 4334 Weyn
660 4249 856 4334 appellatur.
890 4235 893 4240 ’

355 4357 394 4424 In
409 4354 490 4424 villa
504 4353 686 4424 Samard
710 4362 784 4422 sunt
799 4353 863 4423 due
878 4353 1064 4420 menolones
1079 4349 1120 4417 de
1135 4365 1255 4431 genere
1271 4347 1369 4412 oolla·

249 4467 378 4550 riorum,
397 4485 531 4550 quorum
545 4465 679 4548 nomina
692 4464 755 4532 heo
772 4471 860 4530 sunt:
880 4463 980 4545 Leve,
996 4461 1101 4546 Alyre
1117 4475 1189 4522 eum
1204 4455 1369 4536 germanis

243 4585 276 4650 et
290 4577 367 4652 illle
404 4577 448 4646 lit
471 4574 595 4643 habant
615 4582 738 4642 terram
754 4573 973 4642 sufficientem
989 4567 1032 4634 ad
1047 4585 1140 4636 usum
1156 4581 1268 4634 eorum
1283 4579 1368 4630 oom-
