3220 5058
752 281 909 384 ΔΞ),-

266 485 337 551 Heu
353 487 430 550 sunt
445 481 579 548 nemine
592 480 750 566 pistorum
767 483 800 549 in
816 479 932 548 eodem
947 473 1076 566 predio:
1087 482 1253 572 Letamus,
1263 489 1388 577 Borrine,

266 594 416 679 Kyeum;
434 595 467 656 et
482 589 537 657 isti
552 595 701 658 tenentur
718 593 762 659 ed
778 592 896 660 eedem
912 589 1071 674 seruieie,
1090 591 1175 660 sieut
1189 594 1331 680 pistores
1346 597 1388 665 de

266 699 408 786 Hymud.
422 698 493 765 Hee
508 697 639 764 nemine
654 699 822 767 fabrorum
838 699 880 767 de
897 699 1011 767 eudem
1027 699 1155 783 predio:
1174 701 1284 789 color,
1303 703 1388 773 Peu-

266 810 333 890 lus,
363 807 492 889 Morus,
517 806 571 889 qui
597 825 667 872 eum
692 827 753 873 sue
775 806 976 890 oogneeione
991 813 1066 872 sunt
1081 813 1190 891 preter
1205 809 1338 878 iuuenes
1355 819 1388 879 et

265 915 422 1001 paruulos
438 914 483 980 VI
499 916 704 1000 mensiones;
730 923 763 982 et
787 917 843 983 isti
866 921 1016 983 tenentur
1032 914 1076 981 ed
1091 917 1233 986 seruieie
1247 921 1330 987 sieut
1346 921 1388 988 de

264 1024 397 1110 Hymnd
413 1031 474 1090 est.
498 1023 588 1090 Vnus
606 1043 726 1106 eoquus
742 1024 775 1090 in
791 1023 909 1092 eedem
924 1023 1037 1110 predio
1056 1025 1186 1092 nomine
1202 1023 1328 1112 Oysur,
1353 1033 1390 1095 et

265 1131 328 1198 iste
344 1137 471 1198 tenetur
487 1131 532 1198 ud
547 1129 721 1198 seruieium
737 1132 821 1198 sieut
836 1131 905 1198 eoei
920 1131 963 1198 de
978 1129 1120 1216 Hymud.
1152 1132 1222 1198 Heu
1237 1141 1314 1201 sunt
1329 1154 1385 1202 no·

264 1239 354 1306 mine
369 1239 566 1322 equestrium
583 1237 626 1306 de
643 1237 756 1306 eodem
772 1239 901 1324 predio:
919 1239 1082 1323 running,
1092 1237 1266 1326 Joeehym3
1282 1247 1315 1308 et
1330 1241 1386 1308 isti

264 1353 415 1414 tenentur
441 1344 485 1413 ed
509 1346 624 1413 eudem
648 1347 787 1416 seruieia
804 1341 891 1414 sieut¹
902 1354 1071 1429 equestres
1086 1345 1128 1413 de
1144 1346 1284 1432 Hymud.
1315 1349 1386 1415 Hee

263 1461 339 1521 sunt
354 1453 486 1522 nemine
501 1463 663 1522 erutorum
681 1456 715 1521 in
731 1454 846 1522 eodem
862 1453 990 1540 predio:
1001 1455 1135 1540 Hetene,
1146 1455 1297 1522 Monehu.
1314 1453 1385 1522 Hee

267 1569 343 1628 sunt
358 1561 491 1629 nomine
507 1563 578 1628 euri
595 1563 780 1630 fabrorum:
796 1563 909 1649 Arym,
924 1562 1038 1649 Meke5
1058 1568 1091 1631 et
1105 1563 1161 1630 isti
1174 1553 1326 1632 sonentur
1341 1563 1385 1632 ed

225 1739 228 1746 ,
262 1670 372 1736 omnis
397 1668 540 1736 seruieie
567 1669 652 1736 sieut
679 1671 877 1754 superiores.
902 1670 973 1736 Heu
989 1678 1098 1738 eutem
1112 1670 1193 1736 villa
1208 1670 1383 1738 seeundum

261 1782 408 1844 tenerem
422 1776 589 1861 priuilegii
605 1777 706 1865 Regis
723 1777 854 1845 Andree
870 1778 970 1848 hebet
984 1785 1106 1846 terrem
1122 1777 1167 1845 ud
1181 1776 1294 1846 deeem
1309 1797 1383 1846 ere-

262 1891 325 1969 tre,
340 1892 448 1970 preter
464 1905 599 1952 nemora
614 1891 648 1953 et
662 1887 776 1973 sylvas
792 1893 825 1952 et
840 1887 962 1969 feneis,
978 1883 1290 1968 uellatemundique
1300 1887 1381 1953 mul-

260 1993 304 2059 tis
320 1993 417 2058 metis
433 1992 575 2074 antiquis
592 1999 625 2058 et
640 1991 755 2078 nouis;
781 1999 815 2058 et
830 1999 881 2060 est
896 1990 1139 2058 conterminalis
1154 2011 1227 2058 eum
1241 1990 1307 2074 hiJs
1323 1993 1381 2058 ril-

264 2098 305 2168 lis
314 2147 324 2180 ,
341 2098 466 2166 seilicet
481 2099 583 2186 Feyn,
600 2098 759 2188 Geuneye,
774 2100 907 2184 Kugere
923 2105 957 2165 et
972 2098 1115 2184 Vosyen.

370 2208 408 2272 In
424 2207 536 2291 predio
555 2208 701 2292 Vegne
725 2207 785 2274 hee
810 2213 886 2274 sunt
902 2208 1032 2273 nomina
1047 2205 1175 2274 illorum
1193 2205 1248 2290 qni
1263 2204 1383 2274 debent

263 2313 344 2381 dure
359 2333 478 2398 equum
493 2314 747 2399 aduersandum
763 2315 925 2400 cupellam
941 2312 1062 2381 domini
1076 2313 1232 2382 Abbatis:
1249 2312 1382 2379 Methev

262 2424 405 2508 Symon,
421 2421 563 2507 Teiueh,
580 2422 721 2509 soreos,
738 2422 840 2508 Paul,
856 2423 992 2507 Petrus,
1009 2421 1132 2507 Dubus,
1149 2405 1282 2504 Petheu,
1299 2421 1381 2488 Gho-

261 2549 353 2613 moe‚
378 2529 557 2616 Martinus,
583 2533 637 2613 qui
663 2551 735 2598 eum
760 2549 820 2598 sue
835 2530 1038 2616 eeguueione
1053 2537 1162 2616 preter
1176 2529 1330 2614 paruulos
1347 2534 1381 2596 et

149 2675 161 2700 .
260 2638 397 2727 iuuenes
411 2643 486 2704 sunt
501 2637 719 2723 quadraginta
735 2645 874 2723 quatuor
889 2638 1086 2724 mensiones,
1099 2637 1155 2723 qui
1170 2644 1320 2704 tenentur
1335 2635 1380 2702 ud

260 2747 371 2815 emnia
385 2745 527 2815 seruieie
542 2748 626 2813 sieut
636 2747 834 2832 jobugiones
851 2745 890 2814 de
902 2747 1033 2834 Hymnd
1048 2751 1082 2813 et
1095 2745 1138 2814 ile
1148 2742 1298 2811 Teiumd.
1309 2744 1379 2809 Heu

260 2863 369 2922 eutem
384 2855 464 2922 ville
479 2873 552 2922 euru
568 2856 662 2924 siluis
687 2863 721 2922 et
742 2855 923 2922 remeribus
947 2855 1047 2922 hebet
1071 2860 1190 2920 terrem
1207 2850 1250 2918 ud
1264 2850 1378 2918 deeem
1401 2897 1407 2908 .

259 2966 371 3030 aratra
385 2965 545 3030 uallatam
561 2983 632 3031 eum
656 2963 765 3030 multis
789 2963 904 3048 metis3
923 2967 957 3030 et
971 2967 1021 3029 est
1037 2960 1281 3029 eonterminelis
1305 2977 1378 3026 eum

258 3066 311 3136 his
326 3071 425 3157 uillis,
441 3073 568 3141 seilicet
583 3089 655 3140 eum
670 3072 756 3140 silus
770 3071 921 3157 Boeben,
937 3067 1124 3156 Feueuiey,
1141 3065 1294 3154 Rugum,
1318 3067 1377 3136 Oe-

256 3177 362 3246 stueh.

363 3289 401 3354 In
416 3287 532 3373 predio
542 3287 573 3352 D
584 3288 688 3373 igne
701 3289 763 3356 hee
772 3294 848 3357 sunt
856 3288 988 3355 nomine
992 3285 1224 3373 jebugiouum:
1241 3283 1376 3372 symon,

256 3391 426 3480 Martinus,
444 3395 566 3480 Oenqu,
583 3397 703 3483 Mores,
723 3397 779 3481 qui
796 3415 867 3463 eum
885 3415 946 3463 suu
962 3397 1163 3481 eognaeione
1176 3398 1285 3480 preter
1300 3413 1374 3477 pur-

255 3501 350 3568 uules
367 3510 400 3570 et
415 3501 592 3573 iuuenesX
607 3513 641 3572 et
655 3511 781 3591 septem
797 3505 996 3589 mansiones,
1012 3505 1067 3588 qui
1082 3507 1233 3570 tenentur
1248 3499 1293 3567 ed
1309 3517 1375 3566 ser·
1412 3512 1418 3522 ’

255 3609 336 3674 uitia
350 3608 434 3675 sieut
443 3611 641 3695 jobegiones
657 3613 699 3679 de
714 3611 856 3700 Hymud.
890 3611 960 3679 Hee
984 3617 1060 3680 suut
1075 3611 1208 3678 nomine
1223 3607 1373 3675 uduorni-

256 3735 365 3781 eorum
381 3714 423 3782 de
438 3716 553 3785 eodem
569 3718 694 3804 predio:
708 3721 831 3804 Gulusa,
846 3721 949 3807 Hyze,
966 3719 1124 3808 Stephen,
1141 3717 1304 3804 Methyes,
1318 3717 1374 3800 qui

255 3839 328 3889 eum
343 3841 405 3891 sua
420 3826 620 3910 eugnaeione
635 3832 744 3911 preter
759 3829 912 3911 paruulos
937 3835 970 3894 et
993 3829 1130 3895 iuuenes
1145 3833 1221 3894 sunt
1235 3825 1268 3892 X
1283 3843 1373 3892 men·

254 3928 383 4015 sioues;
408 3939 440 3996 et
464 3931 519 4000 isti
535 3939 686 4001 tenentur
700 3933 745 4002 ad
761 3934 872 4001 omniu
887 3935 1028 4002 seruieie
1042 3953 1115 4001 eum
1130 3932 1313 4001 uduornieis
1329 3933 1373 4003 cle

252 4035 393 4123 Hymud.
410 4039 480 4105 Hes
495 4046 571 4108 sunt
586 4041 721 4107 nemius
736 4041 933 4125 equestrium
950 4043 991 4110 de
1006 4040 1121 4108 eodem
1136 4042 1270 4127 predio:
1288 4041 1372 4108 'Peo-

252 4143 332 4226 der,
348 4144 524 4230 Buthmer,
541 4149 668 4235 Pe'usa,
685 4149 798 4234 Chom,
817 4148 919 4234 Oude,
935 4150 990 4234 qui
1006 4170 1079 4217 eum
1096 4169 1156 4217 rue
1171 4149 1371 4234 eoguueiene

250 4260 360 4338 preter
376 4252 532 4340 paruulos
549 4261 582 4321 et
597 4255 732 4324 iuuenes
747 4264 822 4324 sunt
837 4256 952 4342 viginti
969 4267 1002 4325 et
1017 4265 1085 4327 tres
1101 4258 1297 4324 mensiones.
1329 4255 1371 4320 nt

250 4359 305 4426 imi
321 4367 473 4428 tenentur
496 4361 540 4428 ed
565 4362 686 4431 similia
708 4365 847 4432 seruieie
863 4385 933 4432 eum
950 4367 1153 4450 equestribus
1170 4364 1211 4432 de
1227 4361 1368 4450 Hymud.
1475 4437 1483 4448 ,

340 4469 394 4534 .In
408 4468 527 4554 predio
542 4471 728 4539 Temurd
744 4474 806 4542 hee
822 4479 897 4540 suut
912 4476 1044 4541 nomine
1055 4473 1290 4560 jobugionum:
1308 4473 1368 4538 Pe·

248 4582 312 4659 tus,
327 4575 432 4664 Tybo,
448 4577 660 4668 Thymoteus‚
675 4581 852 4669 Mortuum,
868 4583 1000 4669 Marcel,
1017 4583 1177 4671 Andreas,
1201 4585 1370 4666 Domuum,
