3140 5044
284 426 498 514 dispensandi
512 427 674 512 incultas,
697 445 797 512 qnam
811 431 900 494 cirea
916 428 994 495 illos
1009 425 1159 495 similiter
1174 429 1335 514 nmmos,
1345 431 1402 514 qui

285 535 328 602 ab
344 537 468 606 unitate
483 535 632 604 Ecclesia
649 533 817 604 catholice
827 555 887 602 seu
897 535 1056 622 religione
1066 537 1118 604 vel
1128 537 1274 604 clericali
1287 536 1403 602 ordine

284 639 523 728 dhcssssmut,
547 643 578 710 si
600 641 764 710 humiliter
779 641 887 709 redire
911 643 1087 723 volueriut,
1119 651 1152 710 et
1168 643 1268 728 digua
1308 643 1406 712 ntis

283 743 394 816 iacere
409 749 451 818 de
466 749 659 833 commissis,
673 749 816 834 itaquod
831 751 896 835 ipsi
911 750 1058 834 religiosi
1072 752 1115 818 ad
1125 769 1186 816 sua
1209 752 1294 835 loca,
1310 753 1407 818 salva

282 855 456 944 disciplina
471 857 594 925 ordinis
619 865 847 942 resumantur;
872 863 905 924 et
919 857 996 924 illos
1012 877 1055 923 ex
1070 859 1135 924 iam
1151 857 1258 942 dietis,
1275 859 1329 941 qui
1344 877 1402 923 ex-

284 964 585 1032 communicationis
610 965 740 1032 rinoulo
764 971 840 1032 suut
855 967 998 1050 astricti,
1021 966 1113 1031 iuxta
1127 966 1320 1051 premissam
1337 964 1402 1032 lor-

284 1091 370 1138 mam
387 1078 422 1138 et
436 1073 582 1159 predicte
598 1073 835 1141 satisfactionis
850 1071 979 1138 modunr
994 1074 1168 1140 absolvere
1185 1073 1344 1156 valeatis3
1368 1082 1406 1138 et

284 1197 356 1246 eum
372 1177 606 1264 irregularibus
632 1201 673 1248 ex
690 1181 834 1266 eisdem,
853 1181 937 1247 sicut
963 1190 1014 1246 est
1038 1199 1228 1268 expressum
1245 1182 1405 1266 superius,

284 1285 488 1371 dispensare.
504 1287 679 1354 Adhaesit
690 1285 784 1354 vohis
798 1287 983 1354 alsolvendi
999 1286 1142 1356 incultus
1157 1289 1320 1354 occisores
1337 1289 1404 1353 ele

284 1395 424 1460 sicerum
441 1401 474 1458 et
489 1393 715 1478 religiosarum
727 1413 942 1480 personarum
954 1397 986 1460 iu
997 1395 1152 1480 predictis
1162 1396 1310 1481 partibus
1327 1417 1404 1462 cou-

285 1501 424 1585 stitutos‚
442 1500 600 1567 fundandi
617 1500 658 1567 de
674 1521 759 1568 novo
785 1501 908 1568 ibidem
925 1503 1105 1585 Ecclesiae,
1122 1512 1156 1568 et
1170 1503 1406 1569 reconciliandi

284 1607 371 1693 illas,
388 1627 450 1692 que
466 1615 542 1676 sunt
558 1628 637 1675 casu
663 1611 774 1693 aliquo
801 1609 1029 1695 prophanate,
1047 1630 1087 1676 ae
1102 1609 1144 1676 de
1159 1629 1243 1676 novo
1260 1609 1406 1676 fundatis

285 1715 442 1784 Rectorcs
458 1715 596 1784 idoneos
613 1717 828 1804 providendi,
845 1711 962 1801 etillis,
975 1719 1030 1801 qui
1041 1717 1244 1802 degentibus
1255 1721 1308 1784 vel
1323 1719 1406 1784 scis·

284 1822 412 1891 maticis
427 1827 810 1911 novitersunteonversi,
829 1823 930 1893 dandi
940 1826 1117 1911 licentiam,
1133 1832 1169 1892 ut
1178 1845 1296 1895 uxore
1315 1845 1406 1908 suas,

284 1951 356 1998 cum
377 1931 496 2016 quihus
506 1933 539 1998 in
549 1931 740 2018 gradihusa
754 1933 826 2018 lege
836 1932 959 1998 Divina
974 1951 1038 1998 non
1048 1933 1220 2018 prohibitis
1236 1939 1406 2001 contraxe-

284 2047 377 2125 runt,
402 2042 535 2106 raleant
549 2021 711 2126 retin'ere,
735 2039 776 2107 de
800 2041 910 2108 musis
925 2040 1240 2124 matrimonialibus,
1272 2059 1353 2123 quas
1370 2042 1405 2108 in

284 2148 431 2234 partibus
452 2146 517 2214 illis
532 2147 575 2214 ad
586 2147 787 2214 audientiam
802 2156 944 2214 vestram
969 2147 1090 2214 deferri
1107 2149 1297 2234 eontigerit,
1322 2151 1407 2232 legi·

283 2255 361 2324 time
376 2254 601 2342 cognoscendi,
612 2277 653 2324 ac
668 2257 895 2325 discordantes
904 2259 990 2324 inter
1000 2273 1038 2324 se
1048 2257 1252 2342 adinvicem,
1264 2257 1350 2340 quod
1359 2257 1414 2322 ad

283 2383 399 2451 pacem
415 2370 449 2430 et
464 2365 670 2434 concordiam
694 2365 841 2450 redeant,
867 2385 994 2433 necnon
1004 2365 1090 2450 quod
1099 2363 1284 2432 inordinate
1293 2365 1406 2431 viven-

283 2479 334 2539 tes
351 2471 391 2540 de
402 2473 469 2540 suis
479 2471 680 2558 excessibus,
690 2473 774 2540 siout
789 2473 907 2539 iustum
918 2473 1024 2555 luerit,
1035 2471 1293 2542 satisfactionem
1314 2470 1406 2539 exhi-

283 2579 392 2664 beant,
410 2579 626 2668 compellendi
647 2600 891 2666 percensuram
913 2579 1184 2664 ecclesiasticam,
1195 2581 1407 2650 sohislihera

284 2687 327 2754 sit
347 2693 505 2772 potestas.
531 2689 667 2772 Insuper
675 2688 709 2754 in
719 2687 1041 2772 locis,inquihusvos
1051 2687 1214 2775 hospitari
1224 2689 1408 2772 contigerit,

282 2792 337 2862 rel
352 2792 385 2858 in
401 2792 482 2860 locis
499 2793 645 2880 partium
669 2795 866 2872 earundem,
891 2796 924 2860 in
941 2796 1060 2880 quibua
1075 2793 1285 2863 residentiam
1301 2795 1407 2861 lacie-

281 2900 334 2985 tia‚
349 2903 484 2968 missam
501 2911 534 2966 et
550 2908 665 2968 cetera
681 2899 805 2969 Divina
822 2903 991 2970 celebrare
1007 2901 1127 2987 officia,
1142 2905 1176 2970 iu
1192 2902 1316 2969 eisdem
1332 2921 1408 2988 par·

281 3007 369 3073 tibus
383 3007 543 3079 cimiteria
553 3005 764 3101 benedicere,
776 3029 818 3078 ac
827 3009 907 3076 dare
917 3009 1150 3095 indulgentias,
1164 3018 1197 3076 et
1207 3017 1407 3076 mmmutare

282 3119 369 3200 vota,
386 3113 576 3183 laenitatem
593 3120 625 3180 et
636 3115 802 3183 licentiam
817 3115 977 3186 habeatis.
989 3117 1142 3185 Ceterum
1152 3115 1246 3184 vobis
1258 3116 1407 3184 concedi·

282 3237 364 3306 mus,
381 3221 500 3306 quoda
510 3219 682 3289 catholicis
693 3223 901 3308 Patriarchis,
912 3223 1177 3312 Archiepiscopis
1188 3223 1407 3310 etllpiscopis

283 3329 416 3414 possitis
437 3327 569 3396 ordines
588 3335 623 3408 et
647 3329 716 3398 alia
740 3331 967 3400 ecclesiastica
990 3339 1198 3401 sacramenta
1221 3331 1407 3418 suscipere,

228 3481 232 3486 -
284 3457 325 3504 ae
339 3440 449 3504 vestes
459 3435 697 3521 sacerdotales,
705 3439 822 3506 altaris
830 3440 940 3527 pallas
950 3446 984 3507 et
993 3441 1179 3528 corporalia
1192 3457 1251 3524 per
1268 3457 1334 3521 eos,
1351 3437 1407 3520 qui

285 3563 328 3610 ex
342 3542 436 3610 vobis
452 3551 528 3610 sunt
552 3545 746 3631 presbiteri,
771 3565 845 3615 cum
862 3565 1000 3616 neeesse
1015 3547 1111 3615 vobis
1136 3545 1251 3631 luerit,
1274 3545 1407 3612 henedi-

286 3669 380 3735 cero,
412 3650 468 3718 nbi
493 3651 733 3723 Catholioorum
763 3657 1001 3746 Episcoporum
1036 3657 1134 3741 eopia
1159 3673 1224 3722 noo
1249 3651 1408 3734 hahetur,

285 3757 491 3838 necnonalia
506 3755 637 3846 iacere,
668 3782 731 3846 que
746 3763 790 3832 ad
805 3773 1015 3851 augmentum
1032 3763 1197 3831 Dominici
1211 3758 1349 3836 nominis
1375 3765 1409 3824 et

286 3879 528 3968 ampliationem
538 3878 708 3949 catholice
723 3874 800 3943 fidei
812 3893 854 3941 ao
868 3875 1129 3960 reprobationem
1145 3877 1180 3940 et
1192 3869 1408 3938 irritationem

285 3987 424 4074 illorum,
449 3990 507 4075 qui
531 3985 634 4057 sacris
665 3982 895 4055 traditionibus
910 3984 1146 4066 contradicunt,
1163 3981 1248 4048 sieut
1261 3997 1321 4064 pro
1334 3979 1412 4046 loco

286 4104 320 4166 et
332 4101 479 4183 tempore
494 4095 643 4164 sideritis
661 4092 826 4181 expedire.
842 4091 931 4160 Nulli
946 4111 1025 4178 ergo
1036 4098 1099 4159 etc
1111 4091 1231 4158 Datum
1247 4087 1350 4155 Asisii
1366 4085 1413 4153 X.
1523 4097 1527 4100 ⁴

286 4201 355 4272 hal.
371 4203 512 4290 Augusti
526 4202 752 4293 (Pontificatas
761 4196 887 4289 ¹nostri)
902 4221 989 4268 auno
1004 4197 1185 4267 undecimo.

404 4361 466 4438 (IV.
485 4363 571 4422 lucus
583 4361 659 4436 pdps
670 4359 857 4430 Qemdibdl
870 4357 997 4416 'lheiuer
1009 4356 1049 4418 id.
1062 4376 1098 4414 m.
1110 4357 1134 4414 Ι.
1145 4356 1174 4412 k.
1187 4355 1251 4412 22³.
1263 4351 1297 4426 l.)

745 4531 968 4557 Q...
