3154 5030
693 310 846 414 ἐξ,

210 509 418 578 sopiremus
434 503 760 578 eudemonotoritete
786 505 990 591 mundemus,
1014 513 1184 592 quotenus,
1208 508 1236 575 si
1258 527 1330 597 pre·

209 617 290 686 dieti
304 614 492 684 menolatum
507 620 652 683 nostrum
662 615 825 684 noluerint
839 617 894 683 vsi
908 613 1113 701 neglexerint
1137 613 1330 704 adimplere,

210 731 246 792 tu
263 741 320 791 eos
335 722 379 790 ed
394 723 428 791 id
454 741 593 790 oensnre
618 722 848 791 ecclesiastiea
878 721 1029 807 oompelli
1056 741 1121 790 non
1135 729 1329 810 postponas.

210 831 332 904 Datum
347 829 498 898 Ferrarie
513 829 551 897 V.
568 827 730 898 kalendas
747 831 839 898 Julii.

213 1005 366 1078 (Muretori
377 1005 455 1076 utin,
470 1004 671 1078 Antiquitetes
682 1003 785 1062 ltuliee
797 1005 833 1062 V.
847 1005 917 1075 ket,
930 1003 1031 1062 Polme
1042 1005 1185 1078 speeimsn
1197 1004 1327 1064 Hereldi·

467 1110 519 1150 oee
532 1087 698 1170 Huuper'iue
710 1092 785 1150 Beue
799 1095 878 1152 1766.
892 1094 966 1152 11.1.
981 1092 1082 1165 Osset.)

650 1398 670 1404 .-
699 1395 886 1406 —n--n--u-

209 2064 312 2130 Diues
327 2063 430 2128 notor
444 2085 466 2128 o
481 2058 668 2148 inemptos·
680 2063 760 2145 aptit
775 2062 806 2124 ts
821 2081 859 2124 as
875 2057 1059 2124 Oaeoreulutn
1075 2057 1261 2148 lekopctpar'
1274 2059 1333 2124 od·

338 2167 500 2234 oomokok
514 2167 599 2232 tosti
612 2167 801 2254 epyeetprot
818 2177 879 2232 teos
894 2164 1106 2253 oisonyeopor.
1123 2167 1222 2232 1245.

320 2346 486 2414 Dionisius
503 2339 718 2414 Pe'letinuset
737 2343 854 2412 Comes
873 2339 1246 2430 Symigisnsisomnttus
1261 2363 1334 2431 pre·

213 2473 289 2524 sens
307 2455 461 2539 seriptum
478 2453 676 2540 imposturis
701 2453 841 2520 sulutem
858 2451 891 2516 in
907 2469 985 2519 vero
1000 2451 1179 2520 salvatore.
1195 2449 1248 2520 Ad
1263 2451 1332 2518 uni·

213 2581 382 2630 versorum
397 2567 465 2628 tem
480 2561 684 2648 presencium
710 2579 807 2643 quem
823 2565 1029 2644 posterorum
1044 2561 1193 2629 uolumus
1218 2579 1333 2645 perse-

214 2667 284 2736 nire
299 2667 464 2750 notieism,
491 2665 581 2751 quod
596 2663 710 2734 Abbes
735 2665 885 2734 Eeolesie
902 2665 944 2732 de
959 2666 1040 2734 Beel
1056 2687 1115 2755 per
1130 2667 1333 2755 presteldum

212 2781 355 2843 nostrum
371 2775 516 2843 Meroum
527 2772 567 2839 de
578 2772 735 2839 Salomon
745 2771 866 2841 liberos
876 2772 1123 2842 uduornioorum
1134 2774 1175 2844 de
1184 2775 1277 2863 Papa
1292 2775 1334 2843 de

214 2885 297 2952 ville
313 2881 484 2950 Ozorsuke
501 2871 673 2948 eiteuit'ud
689 2884 834 2960 nestrum
851 2879 1066 2967 presenciam,
1083 2883 1209 2950 seilicet
1224 2881 1336 2969 Athye

212 2998 244 3058 et
258 2989 477 3069 Demiennm,
504 3005 657 3056 asserens
683 2973 817 3054 eosdem
841 2987 1102 3072 vigintiquinque
1126 2989 1246 3076 jugeru
1262 3009 1335 3058 oum

212 3097 376 3186 portionis
390 3095 492 3164 teneti
517 3096 606 3162 oiroe
621 3113 682 3163 sue
707 3093 896 3162 molendina
912 3102 1073 3182 ooeupete
1087 3095 1254 3182 detinere,
1279 3099 1335 3180 qui

212 3211 325 3274 eontra
341 3203 477 3272 eundem
497 3203 660 3272 Abbutem
670 3201 862 3288 objieiontes
878 3209 987 3289 preter
996 3202 1061 3271 duo
1070 3203 1259 3272 molendino
1274 3203 1335 3272 Eo·

214 3313 313 3382 olesie
330 3312 451 3380 unssem
466 3317 586 3381 terrem
597 3311 705 3398 ipsum
715 3310 898 3379 Euolesiem
908 3309 953 3377 ibi
963 3310 1118 3394 dieebeqt
1131 3308 1333 3398 peruetisse

211 3420 325 3489 Abbus
341 3439 419 3488 vero
435 3419 469 3487 in
485 3417 599 3486 eodem
610 3415 735 3502 jndicio
746 3418 860 3484 literas
871 3415 962 3483 (ihee
977 3417 1112 3486 Comitis
1127 3417 1169 3486 de
1180 3418 1332 3505 Suprum,

212 3527 337 3596 Hoholt
347 3527 481 3596 cossim
497 3525 670 3594 deFerreo
686 3523 803 3592 (taetro
820 3529 853 3593 et
868 3523 1027 3612 Demetry
1042 3523 1179 3594 Comitis
1195 3529 1236 3596 de
1252 3525 1334 3594 che·

217 3635 293 3719 ned,
306 3631 453 3720 jndioum
469 3631 821 3718 edomiuoRegeBele
832 3629 1086 3719 constitutorum,
1102 3632 1336 3703 edrestitueio·

211 3761 287 3810 nem
301 3743 446 3829 ipsorum
462 3740 720 3827 vigintiquinque
731 3739 852 3826 jngere
876 3746 1038 3808 terrerum
1052 3740 1148 3810 nobis
1162 3747 1331 3831 presente-

212 3848 268 3917 vit
287 3848 329 3916 nt
343 3849 421 3918 lieet
444 3849 517 3934 ipse
540 3847 650 3914 littere
665 3846 710 3916 ud
737 3845 1005 3916 emendeoionem
1029 3845 1115 3917 dioto
1139 3854 1226 3918 terre
1251 3851 1334 3919 setis

215 3955 385 4024 evidenter
400 3955 610 4026 eontulissent
633 3955 840 4038 testimonie,
866 3953 913 4023 ed
928 3955 1086 4042 muJorem
1102 3957 1264 4026 oentelem
1281 3955 1335 4025 de·

213 4062 384 4147 querimus,
410 4059 495 4149 quod
510 4061 595 4130 idem
611 4060 724 4130 Aonas
735 4081 809 4131 oum
824 4061 953 4132 duobus
968 4062 1135 4134 moueohis
1150 4064 1222 4134 suis
1238 4083 1336 4150 super

212 4170 288 4258 ipsu
312 4177 400 4239 terre
415 4175 449 4238 st
463 4166 627 4255 portionis
652 4167 754 4239 ieneti
770 4169 906 4239 deberet
920 4169 1059 4258 prebere
1083 4177 1335 4242 seoremeutum.

213 4275 256 4344 nt
271 4297 345 4345 oum
361 4282 497 4362 utruque
522 4293 603 4362 pers
618 4275 783 4345 mediente
805 4277 975 4365 presteldo
990 4285 1106 4349 nostro
1121 4275 1269 4366 predioto
1284 4295 1336 4346 eu·

212 4401 273 4470 per
289 4384 364 4471 ipse
388 4392 476 4450 terre
501 4382 761 4470 eomperuisset,
784 4383 871 4453 siout
894 4403 955 4472 per
968 4385 1107 4454 eundem
1131 4383 1335 4472 prestsldum

214 4495 360 4559 nostrum
377 4495 409 4558 et
423 4511 482 4578 per
497 4490 630 4558 eosdem
645 4489 768 4561 liberos
783 4489 1108 4562 uduornieorumune
1118 4509 1190 4560 eum
1205 4491 1337 4561 Abbete

217 4597 334 4667 itereto
360 4617 468 4666 eorem
484 4597 578 4666 nobis
596 4597 782 4667 constitutis
797 4598 992 4684 didioimus,
1019 4609 1140 4668 terrem
1154 4597 1337 4686 predieiem
