3154 5030
681 759 684 766 ’
725 803 803 872 ror.

200 998 231 1068 A
251 1000 365 1088 Tomoy
380 1003 410 1066 es
428 997 510 1067 Cutik
534 1002 741 1110 nmznsipeir
766 1006 869 1090 tapjan'
884 1003 985 1091 iniisti,
1003 1007 1139 1072 Keime'r
1163 1007 1321 1097 ielystpre
1386 1000 1392 1010 ’

315 1111 494 1194 nonatum,
509 1131 599 1197 peres
614 1112 734 1198 ttpyben
749 1112 852 1178 hozott
866 1114 960 1180 tinet.
980 1116 1079 1180 1244.
1095 1115 1196 1182 nem.
1255 1147 1260 1152 ·

305 1309 375 1376 Nos
391 1307 549 1392 Magister
574 1303 787 1396 OEerkesius)
798 1309 933 1376 Electus
956 1310 1131 1394 Albensis,
1147 1313 1232 1381 Aule
1256 1311 1321 1382 De

199 1417 279 1486 mini
293 1416 395 1502 Regis
421 1414 754 1501 Vite-Ceueellnrius,
784 1415 970 1503 Stephanus
986 1420 1109 1504 Bunus,
1127 1421 1245 1490 Comes
1261 1421 1322 1490 Oa·

197 1524 374 1608 sitifensi,
413 1525 520 1591 Jnden
561 1523 657 1590 Curie
687 1524 827 1590 Domine
864 1525 1007 1612 Regine,
1033 1528 1192 1614 Magister
1221 1531 1323 1607 Beue,

198 1632 358 1718 Magister
375 1629 584 1716 Benedictus,
598 1667 643 1679 -—
658 1667 703 1679 -
717 1667 762 1680 -
777 1667 821 1679 -—
836 1667 880 1680 —-
896 1669 941 1680 —
956 1670 1000 1714 ,-
1020 1671 1055 1682 ·-
1074 1653 1113 1700 us
1130 1631 1321 1703 Orodiensis

198 1749 231 1810 et
247 1741 363 1808 Comes
379 1740 487 1805 Pousu
504 1737 544 1805 de
561 1738 716 1822 Hermen,
742 1741 762 1806 J
766 1739 881 1806 udices
897 1741 931 1806 in
947 1741 1048 1808 nuria
1064 1743 1205 1810 Domine
1220 1743 1321 1825 Regi-

198 1867 262 1916 nae
279 1847 460 1930 constituti,
485 1844 601 1912 demus
625 1866 685 1933 pro
701 1847 878 1941 memoria]
904 1849 992 1932 quod
1010 1849 1195 1916 constitutis
1211 1869 1322 1918 eoram

198 1957 292 2022 nobis
309 1953 404 2042 'I'ybn
419 1953 591 2036 degenere
607 1955 732 2040 Tomoy
743 1962 775 2022 et
787 1955 954 2024 clemente
965 1957 1031 2024 filio
1042 1959 1190 2044 Joannrs,
1202 1979 1243 2026 ex
1259 1977 1325 2025 unu

196 2070 309 2151 perte;
333 2065 459 2132 Joanne
475 2062 633 2147 Magistro
650 2065 773 2149 Marce,
791 2071 824 2130 et
839 2065 1016 2132 Laurentio
1038 2065 1079 2132 de
1096 2085 1219 2152 genere
1235 2064 1325 2134 Chen

198 2193 240 2239 ex
256 2171 383 2254 altere5
405 2167 504 2234 iidem
529 2168 625 2255 Tyba
641 2176 674 2234 et
695 2171 846 2239 Clemens
879 2181 1139 2259 proposuerunt,
1172 2180 1208 2240 ut
1224 2173 1323 2240 iidem

197 2279 353 2364 Magister
369 2277 525 2363 Joann'es‚
544 2276 642 2362 Mure,
656 2283 688 2342 et
703 2277 903 2346 Laureneius
919 2269 1085 2364 quendum
1096 2288 1220 2348 terram
1235 2283 1322 2369 ipse·

199 2407 268 2454 rum
284 2385 515 2454 hereditariam
540 2385 682 2452 anmer
707 2392 867 2470 venetam,
894 2385 1078 2456 detinerent
1108 2389 1241 2476 propria
1266 2409 1323 2457 au·

200 2495 358 2576 ctoritate,
375 2493 530 2576 magister
546 2513 623 2560 vero
635 2492 783 2560 Jounnes
792 2545 800 2578 ‚
817 2495 906 2562 Mare
924 2503 956 2563 et
971 2499 1173 2564 Laurentius
1190 2505 1322 2582 respen-

199 2604 315 2670 derunt
332 2621 371 2667 ee
394 2597 501 2684 mode,
521 2600 608 2684 quod
624 2601 697 2686 ipsa
714 2608 813 2688 terre,
830 2623 928 2686 quum
944 2603 1039 2689 ‘I'ybe
1056 2609 1089 2670 et
1104 2603 1258 2671 Clemens
1274 2602 1324 2670 di·

200 2717 275 2778 nunt
291 2709 401 2777 vocari
418 2693 536 2775 terrem
550 2709 712 2789 *Kunmen
736 2717 769 2776 et
785 2718 937 2778 usserunt
952 2731 1050 2794 suam,
1063 2729 1137 2778 esse
1155 2709 1320 2777 heredita-

197 2818 289 2900 riam,
305 2837 371 2883 non
388 2823 560 2882 venaretur
574 2823 662 2882 terra
686 2816 838 2901 Karmeu
854 2819 912 2885 sed
929 2825 1018 2885 esset
1033 2825 1122 2884 terre
1137 2816 1322 2901 Michaelis3

198 2944 258 2992 nee
274 2945 416 3008 unquam
441 2923 560 2990 inisset
575 2921 671 3008 Tyba
687 2929 720 2990 et
737 2922 916 2993 Clementis
933 2925 1133 2992 hereditarie
1142 2973 1150 3008 ,
1177 2925 1243 2991 ime
1260 2923 1322 2990 du-

199 3035 275 3102 dum
292 3031 410 3100 fuisset
434 3030 569 3098 donatio
592 3029 735 3098 Illustrin
751 3029 852 3116 Regis
871 3031 1012 3099 Emerini
1052 3032 1137 3098 bone
1169 3030 1324 3098 memorie

199 3140 319 3223 Vglino
355 3137 635 3224 Archi-Episcopo
665 3137 774 3222 inetu;
799 3157 897 3224 super
928 3130 993 3222 qu'n
1023 3139 1213 3206 donatione·
1233 3135 1323 3204 exhi·

199 3251 339 3316 buerunt
377 3245 471 3312 nobis
505 3245 713 3330 privilegium
751 3246 852 3330 Regis
884 3244 1034 3330 Andree,
1067 3245 1174 3312 ielieis
1216 3261 1322 3312 reeor-

201 3352 371 3436 dationis,
395 3358 428 3418 et
448 3349 535 3436 quod
551 3351 599 3419 nis
615 3351 689 3438 ipss
704 3359 793 3419 terra
808 3354 842 3418 in
859 3352 948 3418 liuee
964 3353 1068 3436 ipsius
1085 3350 1196 3436 Vgiini
1211 3349 1324 3417 Arehi·

202 3461 360 3549 Episcopi
375 3459 573 3530 devenisset.
582 3460 635 3528 Ad
649 3459 921 3528 reembulsndam
937 3460 1049 3545 itaque
1075 3459 1182 3546 ipsam
1199 3463 1323 3526 terrem

205 3570 464 3652 sententiosum,
489 3565 654 3638 homiuem
677 3569 799 3636 demini
819 3568 920 3654 Regis
936 3565 1102 3652 Mnurueh,
1118 3565 1221 3635 tilium
1236 3565 1324 3633 Mnu-

200 3675 288 3762 meh,
307 3695 380 3742 eum
403 3673 590 3743 testimonio
616 3673 758 3761 capituti
774 3675 976 3757 heriensis,
1002 3681 1123 3742 etcum
1151 3671 1324 3760 privilegio

202 3785 307 3872 ipsius
322 3783 422 3867 Regis
437 3783 590 3871 Andree,
616 3782 769 3852 duximus
784 3783 1061 3851 transmittendos.
1079 3782 1175 3863 Quod
1192 3781 1324 3867 capitu·

202 3893 268 3959 lum
283 3893 487 3980 postmodum
512 3892 608 3960 uobis
633 3892 743 3960 taliter
765 3891 952 3978 rescripsit,
978 3889 1063 3976 quod
1088 3891 1185 3958 homo
1200 3887 1324 3958 domini

206 3999 309 4087 Regis
324 4000 480 4068 Meurueh
504 4009 660 4082 venatus,
685 4021 757 4068 eum
774 3999 962 4069 testimonio
979 3997 1126 4086 Capituli
1141 3994 1324 4084 supradicti

203 4105 380 4176 seeundum
395 4107 514 4176 seriem
529 4107 711 4176 litterarum
721 4109 826 4196 ipsius
836 4106 1012 4195 privilegii,
1021 4103 1228 4193 presentibus
1237 4120 1324 4170 eom·

202 4200 367 4283 metensis
378 4221 412 4282 et
429 4211 551 4283 rieiuis·
562 4213 667 4302 ipsius
693 4223 803 4300 terre,
819 4217 925 4303 ipsam
947 4222 1068 4282 terrum
1085 4211 1324 4281 nentenniesem

202 4316 1323 4404 reumbulernnt,inuenerunteesuirerunteamesseterremJoenuis,

204 4429 376 4498 Laurennii
393 4435 426 4498 et
439 4430 543 4499 Merui
553 4431 782 4518 prodietnrum,
793 4438 828 4498 et
843 4433 921 4500 lieet
929 4430 1010 4518 ipsis
1025 4425 1182 4513 magistro
1192 4423 1323 4510 Jenuui,

202 4536 387 4604 Laurentio
406 4544 439 4604 et
457 4539 567 4607 Mareu
589 4539 811 4624 juramentum
828 4537 1020 4622 adjudiesre
1041 4533 1257 4601 voluissemus
1272 4551 1323 4613 ee,
