3220 5058
782 321 823 390 19

720 410 767 420 -n-
782 414 880 424 .-.n-..-

238 513 462 600 pulsatorum:
484 511 594 601 cyuur
604 563 613 598 ,
631 515 741 582 Pousa
751 565 760 599 ,
778 513 963 600 Abraham,
990 517 1045 599 qui
1074 537 1146 585 cunr
1162 541 1223 588 sua
1239 541 1360 606 cogua-

238 622 331 688 cione
347 627 458 706 preter
473 623 631 708 paruulos
649 628 683 688 et
698 623 833 690 iuuenes
852 631 927 690 sunt
938 623 1017 691 VIII
1031 624 1241 716 mansiones;
1258 637 1290 696 et
1305 631 1363 699 isti

237 748 336 812 pares
352 735 429 796 sunt
442 729 518 795 aliis
534 729 769 814 pulsatoribus,
780 733 822 796 Et
831 730 952 798 ibidem
962 737 1030 797 tres
1046 731 1233 802 mansiones
1250 743 1362 822 pasto·

238 855 328 901 rum:
345 835 455 914 Ghud,
472 837 619 920 Pathan,
636 837 790 904 Michael.
811 838 853 904 Iit
867 838 929 904 heo
944 837 1026 903 villa
1042 835 1141 905 habet
1156 845 1276 907 terram
1292 846 1362 929 pln-

238 943 329 1010 r'rbus
344 943 438 1010 metis
454 949 611 1010 metatam
628 943 672 1010 ad
687 944 721 1010 X
737 943 849 1010 aratra
874 945 1141 1028 circumquaque,
1167 949 1361 1015 arundineta

238 1069 310 1116 oum
335 1049 577 1137 piscacionibus
602 1049 714 1116 multis
740 1057 773 1118 et
789 1053 894 1137 Myler
908 1049 1025 1135 fluui03
1053 1057 1087 1117 ct
1110 1053 1361 1123 conterminales

237 1159 336 1226 villas
352 1159 453 1226 haber
466 1157 549 1224 has:
568 1156 679 1242 Obico‚
696 1157 854 1244 Harazty,
871 1159 973 1242 Keuu,
990 1160 1107 1246 Nema,
1124 1146 1251 1228 Benka.
1269 1163 1360 1228 Elin

237 1266 384 1350 predicto
396 1293 494 1312 -ι-
504 1302 548 1312 -
558 1265 728 1350 lusbouos,
740 1266 860 1334 etillud
870 1267 1020 1351 predium
1037 1267 1252 1336 olrcumdatur
1267 1271 1362 1354 aquIs

238 1374 516 1440 arundinetalibus
533 1393 592 1457 pro
609 1375 715 1440 metis.
732 1374 771 1438 ln
788 1375 905 1457 quibus
921 1375 1018 1441 dictis
1036 1375 1123 1442 stills
1135 1377 1287 1444 Ecclesia
1302 1377 1360 1445 ba-

236 1481 293 1546 bet
310 1485 415 1549 terras
433 1487 466 1548 et
481 1478 691 1565 piscaciones
708 1499 894 1548 communes
911 1501 983 1548 cum
999 1481 1122 1549 eisdem
1139 1482 1237 1550 villis.

276 1611 280 1620 ’
343 1589 383 1652 In
397 1585 510 1670 predio
526 1588 559 1652 M
571 1607 589 1652 e
599 1586 621 1650 h
632 1607 678 1653 eu
693 1587 755 1654 bec
771 1594 846 1652 sunt
863 1589 995 1655 uomina
1007 1589 1240 1674 jobagionum:
1256 1591 1359 1677 Terre,

238 1694 341 1778 Luok,
357 1695 495 1776 Mortem,
516 1694 573 1776 qui
589 1714 659 1761 cum
676 1715 739 1760 sua
754 1696 955 1780 cognacione
970 1701 1078 1781 preter
1094 1699 1248 1781 paruulos
1265 1705 1297 1765 et
1312 1701 1359 1765 in-

239 1819 341 1880 uenes
357 1809 431 1868 sunt
446 1801 512 1868 XII
527 1803 733 1888 mansiones,
760 1811 793 1871 ot
808 1805 862 1870 isti
877 1823 975 1889 pares
991 1805 1114 1870 suntin
1132 1805 1270 1871 seruicio
1287 1827 1360 1872 cum

233 1911 466 1997 jobagiouibus
482 1909 525 1978 de
543 1913 667 1998 Vegne.
684 1913 725 1979 Et
741 1913 804 1979 hoo
820 1913 967 1998 prchum
983 1912 1083 1980 habet
1099 1921 1218 1979 terram
1235 1915 1279 1980 ad
1293 1912 1359 1980 IIII

238 2025 369 2102 aratra,
395 2019 646 2086 conterminales
662 2025 773 2086 autem
790 2021 888 2088 villas
903 2020 1003 2086 babet
1017 2020 1098 2090 has:
1125 2021 1214 2088 Villa
1239 2017 1360 2106 Endre,

237 2127 349 2212 Apatj,
366 2125 478 2213 populi
493 2125 629 2212 Regino.

344 2235 382 2300 In
397 2233 512 2318 predio
528 2234 669 2302 Sabus
694 2235 756 2302 hec
772 2239 848 2302 sunt
864 2235 997 2302 nomina
1012 2255 1198 2302 seruorum:
1227 2235 1359 2322 Peutuc,

238 2338 361 2407 Scerda
371 2389 380 2423 ,
404 2341 542 2408 lllortum
558 2361 633 2407 cum
649 2340 724 2409 filiis
741 2348 775 2408 et
791 2343 948 2430 cognatis.
979 2343 1016 2408 In
1039 2329 1153 2410 eodem
1169 2343 1282 2428 predio
1299 2343 1360 2410 heo

237 2453 314 2514 sunt
328 2450 460 2515 nomtna
476 2456 640 2515 aratorum
658 2475 667 2515 ε
692 2495 1030 2516 ...........
1052 2473 1060 2535 ;
1088 2457 1120 2516 et
1136 2450 1198 2517 hoc
1213 2449 1360 2536 predium

236 2554 337 2623 habet
352 2563 475 2622 terram
492 2557 537 2623 ad
552 2555 585 2620 X
602 2563 734 2641 aratra,
760 2563 794 2622 et
819 2557 918 2624 habet
934 2557 1035 2625 multa
1051 2560 1123 2625 loca
1139 2565 1219 2642 apta
1233 2558 1278 2623 ad
1294 2579 1360 2625 mo·

237 2660 372 2730 leudina
387 2683 486 2747 super
502 2661 599 2731 lluuio
613 2663 728 2747 Baba,
754 2663 810 2747 qui
835 2665 901 2732 alio
926 2663 1057 2730 nomine
1081 2665 1198 2732 dicitur
1218 2663 1323 2730 Sebus
1339 2685 1361 2730 a

237 2771 345 2855 capite
360 2781 521 2838 motarum
538 2791 638 2858 supra
655 2789 757 2854 usque
774 2770 949 2856 adfinem,
975 2792 997 2838 a
1021 2771 1157 2838 meridia
1183 2771 1360 2838 medietate

238 2899 323 2963 aquo
340 2886 373 2947 et
388 2881 487 2966 alvey
503 2880 648 2947 eiusdem
665 2899 760 2962 aque,
778 2885 811 2944 et
827 2877 931 2962 siluis,
947 2885 980 2945 et
994 2879 1199 2964 nemoribus,
1225 2885 1258 2947 et
1273 2879 1360 2946 fenc-

237 2989 290 3071 tis,
307 2993 340 3054 et
355 2989 482 3073 stagnis
498 2995 655 3055 metatam
670 2986 814 3071 undique
831 2987 940 3054 multis
965 2987 1081 3072 metis,
1109 2987 1360 3054 conterminales

237 3114 313 3162 vcro
329 3095 432 3163 habet
446 3097 508 3162 has
524 3097 644 3162 villas:
670 3142 1011 3162 ...........

343 3203 505 3288 Iuprcdio
515 3204 571 3270 Sa
581 3205 656 3289 lya
670 3201 731 3269 bec
748 3209 825 3270 sunt
834 3204 964 3270 uomina
978 3201 1208 3287 jobagionum:
1224 3198 1359 3281 Omoch,

238 3311 363 3396 Hozug,
380 3311 510 3397 Choma,
525 3313 674 3396 benninc,
693 3313 749 3395 qui
767 3331 837 3378 cum
853 3311 930 3376 filiis
948 3317 980 3375 et
995 3308 1146 3392 cognatis
1162 3313 1271 3391 preter
1286 3326 1361 3390 par-

237 3421 332 3486 uulos
349 3425 381 3485 et
395 3419 529 3487 iuuenes
546 3427 621 3487 sunt
636 3419 698 3486 XV
713 3419 912 3500 mansiones,
930 3415 986 3498 qui
1001 3420 1152 3481 tenentur
1162 3413 1285 3479 seruire
1295 3431 1361 3479 mo·

237 3527 381 3594 uastatio
393 3527 426 3592 iu
436 3522 920 3612 communiis(lgy)scruiciis,et
930 3523 1061 3608 insuper
1071 3521 1208 3604 quilibet
1218 3521 1363 3604 quolibet

239 3635 364 3701 mansio
381 3635 479 3701 soluit
494 3655 592 3701 unum
608 3635 779 3700 fertonem.
810 3631 848 3698 In
875 3629 991 3698 codem
1010 3629 1123 3716 predio
1139 3629 1199 3696 hec
1216 3637 1290 3696 sunt
1305 3649 1359 3696 no·

238 3741 328 3808 mina
342 3759 529 3808 seruorum:
548 3743 688 3826 Sceguu,
705 3739 849 3826 Mathey,
865 3735 1001 3806 Miclous
1019 3759 1089 3805 oum
1105 3737 1181 3805 liliis
1194 3744 1227 3804 et
1242 3757 1360 3822 cogna-

238 3848 299 3934 tis;
318 3853 352 3915 et
365 3845 466 3914 habet
480 3848 662 3935 piscatores
679 3849 725 3916 VI
739 3847 928 3915 mansiones
938 3899 947 3934 ,
974 3867 1110 3932 quorum
1134 3845 1269 3912 nomina
1284 3849 1360 3912 sunt

238 3956 316 4022 heo:
345 3957 479 4037 Komos,
506 3954 665 4041 blatbcus,
683 3957 822 4041 Scemet,
839 3955 943 4042 Hyue,
960 3955 1099 4042 thglo,
1116 3954 1218 4038 Fileo,
1235 3953 1360 4018 Abram

238 4083 311 4130 cum
327 4065 397 4132 suis
414 4063 560 4148 cognatis
576 4071 608 4130 et
622 4062 709 4130 filiIs.
741 4063 856 4131 liciam
871 4063 973 4130 babet
994 4064 1192 4148 pulsatores,
1208 4065 1241 4128 et
1257 4059 1360 4124 siluas

239 4179 271 4238 et
286 4171 433 4260 pomeria
448 4171 559 4238 multa
584 4170 720 4238 Terram
747 4178 856 4240 autem
881 4169 982 4238 habet
1006 4187 1159 4254 magnam
1181 4162 1361 4233 secundum

237 4277 538 4348 consideracionem
563 4277 719 4345 bonorum
745 4281 887 4348 virorum
911 4277 955 4345 ad
980 4275 1219 4361 quinquaginta
1250 4279 1362 4340 aratra

237 4393 394 4454 metatam
419 4385 562 4470 undique
586 4387 696 4454 multis
722 4389 837 4473 metis,
864 4385 1114 4454 conterminales
1138 4382 1235 4448 villas
1259 4379 1361 4448 habet

238 4495 318 4562 luas:
352 4543 361 4561 .
378 4543 385 4559 .
403 4544 412 4561 .
430 4543 438 4560 .
457 4493 514 4580 (Et
529 4494 630 4561 habet
646 4495 761 4562 eadem
780 4501 869 4561 terra
881 4500 954 4561 octo
970 4493 1075 4559 bonas
1092 4488 1190 4558 villas
1200 4537 1209 4572 ,
1225 4505 1362 4570 quarum

239 4603 371 4671 uomina
387 4602 448 4669 hec
464 4606 541 4668 sunt
555 4600 700 4668 scilicet:
718 4601 803 4685 Wag
813 4603 908 4688 prior,
925 4593 1361 4768 II-aDyaqui,121I·aStara,
