<?xml version="1.0" encoding="UTF-8"?>
<!DOCTYPE html PUBLIC "-//W3C//DTD XHTML 1.0 Transitional//EN"
    "http://www.w3.org/TR/xhtml1/DTD/xhtml1-transitional.dtd">
<html xmlns="http://www.w3.org/1999/xhtml" xml:lang="en" lang="en">
 <head>
  <title>
</title>
<meta http-equiv="Content-Type" content="text/html;charset=utf-8" />
  <meta name='ocr-system' content='tesseract 3.04.00' />
  <meta name='ocr-capabilities' content='ocr_page ocr_carea ocr_par ocr_line ocrx_word'/>
</head>
<body>
  <div class='ocr_page' id='page_1' title='image "./codexdiplomatic11wenzgoog_0216.png"; bbox 0 0 3140 5044; ppageno 0'>
   <div class='ocr_carea' id='block_1_1' title="bbox 214 882 1335 1188">
    <p class='ocr_par' dir='ltr' id='par_1_1' title="bbox 214 882 1335 1188">
     <span class='ocr_line' id='line_1_1' title="bbox 214 882 1335 994; baseline 0.001 -46"><span class='ocrx_word' id='word_1_1' title='bbox 214 884 236 948; x_wconf 90' lang='lat'><em>1</em></span> <span class='ocrx_word' id='word_1_2' title='bbox 238 882 274 948; x_wconf 92' lang='lat' dir='ltr'><em>V</em></span> <span class='ocrx_word' id='word_1_3' title='bbox 292 882 374 948; x_wconf 68' lang='lat' dir='ltr'><strong>Belo</strong></span> <span class='ocrx_word' id='word_1_4' title='bbox 388 883 476 948; x_wconf 75' lang='lat' dir='ltr'><strong>kirol</strong></span> <span class='ocrx_word' id='word_1_5' title='bbox 473 907 505 970; x_wconf 80' lang='lat' dir='ltr'><strong>y,</strong></span> <span class='ocrx_word' id='word_1_6' title='bbox 525 885 642 950; x_wconf 71' lang='lat' dir='ltr'><strong>Mikros</strong></span> <span class='ocrx_word' id='word_1_7' title='bbox 666 885 763 950; x_wconf 81' lang='lat' dir='ltr'><strong>Detre</strong></span> <span class='ocrx_word' id='word_1_8' title='bbox 770 886 887 970; x_wconf 76' lang='lat' dir='ltr'><strong>ficiculo</strong></span> <span class='ocrx_word' id='word_1_9' title='bbox 902 908 923 950; x_wconf 85' lang='lat' dir='ltr'><strong><em>a</em></strong></span> <span class='ocrx_word' id='word_1_10' title='bbox 938 887 1025 952; x_wconf 80' lang='lat' dir='ltr'><strong>Hont</strong></span> <span class='ocrx_word' id='word_1_11' title='bbox 1040 885 1144 950; x_wconf 79' lang='lat' dir='ltr'><strong>odrtdl</strong></span> <span class='ocrx_word' id='word_1_12' title='bbox 1152 885 1335 994; x_wconf 82' lang='lat' dir='ltr'><strong>fdlmentott</strong></span> 
     </span>
     <span class='ocr_line' id='line_1_2' title="bbox 215 967 1335 1080; baseline 0.004 -26"><span class='ocrx_word' id='word_1_13' title='bbox 215 986 384 1076; x_wconf 70' lang='lat' dir='ltr'><strong>(Balacro)</strong></span> <span class='ocrx_word' id='word_1_14' title='bbox 402 989 557 1078; x_wconf 72' lang='lat' dir='ltr'><strong>Gyurmat</strong></span> <span class='ocrx_word' id='word_1_15' title='bbox 565 989 674 1076; x_wconf 71' lang='lat' dir='ltr'><strong>fuldu</strong></span> <span class='ocrx_word' id='word_1_16' title='bbox 689 992 807 1057; x_wconf 71' lang='lat' dir='ltr'><strong>mecedo</strong></span> <span class='ocrx_word' id='word_1_17' title='bbox 820 993 901 1078; x_wconf 84' lang='lat' dir='ltr'><strong>udja</strong></span> <span class='ocrx_word' id='word_1_18' title='bbox 915 997 951 1057; x_wconf 80' lang='lat' dir='ltr'><strong>dt</strong></span> <span class='ocrx_word' id='word_1_19' title='bbox 960 992 1180 1078; x_wconf 78' lang='lat' dir='ltr'><strong>,oLiptdbau</strong></span> <span class='ocrx_word' id='word_1_20' title='bbox 1193 992 1257 1058; x_wconf 83' lang='lat' dir='ltr'><strong>volt</strong></span> <span class='ocrx_word' id='word_1_21' title='bbox 1277 967 1335 1080; x_wconf 85' lang='lat' dir='ltr'><strong>Uj·</strong></span> 
     </span>
     <span class='ocr_line' id='line_1_3' title="bbox 399 1096 1150 1188; baseline 0.004 -27"><span class='ocrx_word' id='word_1_22' title='bbox 399 1096 482 1183; x_wconf 78' lang='lat' dir='ltr'><strong>salu</strong></span> <span class='ocrx_word' id='word_1_23' title='bbox 497 1099 528 1163; x_wconf 74' lang='lat' dir='ltr'><strong>ds</strong></span> <span class='ocrx_word' id='word_1_24' title='bbox 543 1098 693 1186; x_wconf 78' lang='lat' dir='ltr'><strong>Palupyu</strong></span> <span class='ocrx_word' id='word_1_25' title='bbox 705 1099 865 1165; x_wconf 71' lang='lat' dir='ltr'><strong>birtoktrt.</strong></span> <span class='ocrx_word' id='word_1_26' title='bbox 888 1101 986 1165; x_wconf 76' lang='lat'><strong>1246.</strong></span> <span class='ocrx_word' id='word_1_27' title='bbox 1002 1111 1078 1188; x_wconf 81' lang='lat' dir='ltr'><strong>sept.</strong></span> <span class='ocrx_word' id='word_1_28' title='bbox 1096 1102 1150 1166; x_wconf 87' lang='lat'><strong>11.</strong></span> 
     </span>
    </p>
   </div>
   <div class='ocr_carea' id='block_1_2' title="bbox 213 1276 1376 3412">
    <p class='ocr_par' dir='ltr' id='par_1_2' title="bbox 213 1276 1376 3412">
     <span class='ocr_line' id='line_1_4' title="bbox 320 1276 1333 1363; baseline 0.002 -21"><span class='ocrx_word' id='word_1_29' title='bbox 320 1276 403 1342; x_wconf 83' lang='lat' dir='ltr'><strong>Bele</strong></span> <span class='ocrx_word' id='word_1_30' title='bbox 418 1276 481 1342; x_wconf 89' lang='lat' dir='ltr'><strong>Dei</strong></span> <span class='ocrx_word' id='word_1_31' title='bbox 497 1277 612 1362; x_wconf 80' lang='lat' dir='ltr'><strong>gracia</strong></span> <span class='ocrx_word' id='word_1_32' title='bbox 628 1277 807 1363; x_wconf 78' lang='lat' dir='ltr'><strong>florigeris,</strong></span> <span class='ocrx_word' id='word_1_33' title='bbox 823 1277 1003 1363; x_wconf 83' lang='lat' dir='ltr'><strong>Dolmooie,</strong></span> <span class='ocrx_word' id='word_1_34' title='bbox 1019 1276 1206 1363; x_wconf 69' lang='lat' dir='ltr'><strong>Choroaoie</strong></span> <span class='ocrx_word' id='word_1_35' title='bbox 1222 1279 1333 1356; x_wconf 83' lang='lat' dir='ltr'><strong>Rome,</strong></span> 
     </span>
     <span class='ocr_line' id='line_1_5' title="bbox 215 1381 1333 1469; baseline 0.002 -19"><span class='ocrx_word' id='word_1_36' title='bbox 215 1381 349 1468; x_wconf 84' lang='lat' dir='ltr'><strong>Servio,</strong></span> <span class='ocrx_word' id='word_1_37' title='bbox 381 1383 541 1469; x_wconf 79' lang='lat' dir='ltr'><strong>Gallicie,</strong></span> <span class='ocrx_word' id='word_1_38' title='bbox 571 1383 782 1469; x_wconf 89' lang='lat' dir='ltr'><strong>Lodomerie,</strong></span> <span class='ocrx_word' id='word_1_39' title='bbox 814 1386 1034 1469; x_wconf 84' lang='lat' dir='ltr'><strong>Cumauieque</strong></span> <span class='ocrx_word' id='word_1_40' title='bbox 1072 1385 1150 1451; x_wconf 77' lang='lat' dir='ltr'><strong>Rex.</strong></span> <span class='ocrx_word' id='word_1_41' title='bbox 1182 1384 1333 1452; x_wconf 90' lang='lat' dir='ltr'><strong>omnibus</strong></span> 
     </span>
     <span class='ocr_line' id='line_1_6' title="bbox 214 1479 1325 1579; baseline 0 -21"><span class='ocrx_word' id='word_1_42' title='bbox 214 1479 335 1558; x_wconf 74' lang='lat' dir='ltr'><strong>Christi</strong></span> <span class='ocrx_word' id='word_1_43' title='bbox 364 1489 513 1559; x_wconf 87' lang='lat' dir='ltr'><strong>fidelibus</strong></span> <span class='ocrx_word' id='word_1_44' title='bbox 545 1499 716 1578; x_wconf 77' lang='lat' dir='ltr'>presentes</span> <span class='ocrx_word' id='word_1_45' title='bbox 748 1494 876 1560; x_wconf 79' lang='lat' dir='ltr'><strong>litteras</strong></span> <span class='ocrx_word' id='word_1_46' title='bbox 907 1492 1103 1579; x_wconf 84' lang='lat' dir='ltr'><strong>inspecturis</strong></span> <span class='ocrx_word' id='word_1_47' title='bbox 1134 1493 1275 1560; x_wconf 83' lang='lat' dir='ltr'><strong>sulutem</strong></span> <span class='ocrx_word' id='word_1_48' title='bbox 1291 1492 1325 1558; x_wconf 91' lang='lat' dir='ltr'><strong>in</strong></span> 
     </span>
     <span class='ocr_line' id='line_1_7' title="bbox 214 1599 1332 1687; baseline -0.001 -20"><span class='ocrx_word' id='word_1_49' title='bbox 214 1600 358 1667; x_wconf 90' lang='lat' dir='ltr'><strong>omnium</strong></span> <span class='ocrx_word' id='word_1_50' title='bbox 399 1599 583 1667; x_wconf 81' lang='lat' dir='ltr'><strong>Salvatore.</strong></span> <span class='ocrx_word' id='word_1_51' title='bbox 611 1603 663 1668; x_wconf 82' lang='lat' dir='ltr'><strong>Ad</strong></span> <span class='ocrx_word' id='word_1_52' title='bbox 693 1600 916 1668; x_wconf 82' lang='lat' dir='ltr'><strong>uniuersorum</strong></span> <span class='ocrx_word' id='word_1_53' title='bbox 957 1601 1157 1686; x_wconf 85' lang='lat' dir='ltr'><strong>presentium</strong></span> <span class='ocrx_word' id='word_1_54' title='bbox 1186 1609 1332 1687; x_wconf 89' lang='lat' dir='ltr'><strong>postero·</strong></span> 
     </span>
     <span class='ocr_line' id='line_1_8' title="bbox 213 1706 1332 1796; baseline -0.003 -22"><span class='ocrx_word' id='word_1_55' title='bbox 213 1727 349 1791; x_wconf 89' lang='lat' dir='ltr'><strong>rumque</strong></span> <span class='ocrx_word' id='word_1_56' title='bbox 365 1707 519 1775; x_wconf 78' lang='lat' dir='ltr'><strong>noticiam</strong></span> <span class='ocrx_word' id='word_1_57' title='bbox 545 1706 662 1775; x_wconf 83' lang='lat' dir='ltr'><strong>harum</strong></span> <span class='ocrx_word' id='word_1_58' title='bbox 677 1709 763 1776; x_wconf 91' lang='lat' dir='ltr'><strong>serie</strong></span> <span class='ocrx_word' id='word_1_59' title='bbox 793 1711 940 1775; x_wconf 87' lang='lat' dir='ltr'><strong>volumus</strong></span> <span class='ocrx_word' id='word_1_60' title='bbox 970 1708 1152 1796; x_wconf 86' lang='lat' dir='ltr'><strong>peruenire,</strong></span> <span class='ocrx_word' id='word_1_61' title='bbox 1169 1707 1255 1792; x_wconf 90' lang='lat' dir='ltr'><strong>quod</strong></span> <span class='ocrx_word' id='word_1_62' title='bbox 1272 1723 1332 1773; x_wconf 90' lang='lat' dir='ltr'><strong>nos</strong></span> 
     </span>
     <span class='ocr_line' id='line_1_9' title="bbox 216 1812 1334 1901; baseline 0 -22"><span class='ocrx_word' id='word_1_63' title='bbox 216 1812 336 1881; x_wconf 89' lang='lat' dir='ltr'><strong>dilecto</strong></span> <span class='ocrx_word' id='word_1_64' title='bbox 349 1813 443 1881; x_wconf 87' lang='lat' dir='ltr'><strong>nobis</strong></span> <span class='ocrx_word' id='word_1_65' title='bbox 468 1821 501 1880; x_wconf 88' lang='lat' dir='ltr'><strong>ot</strong></span> <span class='ocrx_word' id='word_1_66' title='bbox 515 1814 602 1882; x_wconf 84' lang='lat' dir='ltr'><strong>fideli</strong></span> <span class='ocrx_word' id='word_1_67' title='bbox 617 1817 775 1901; x_wconf 85' lang='lat' dir='ltr'><strong>Nicoluo‚</strong></span> <span class='ocrx_word' id='word_1_68' title='bbox 799 1815 865 1882; x_wconf 89' lang='lat' dir='ltr'><strong>filio</strong></span> <span class='ocrx_word' id='word_1_69' title='bbox 882 1815 1015 1900; x_wconf 87' lang='lat' dir='ltr'><strong>Detricl,</strong></span> <span class='ocrx_word' id='word_1_70' title='bbox 1033 1813 1198 1898; x_wconf 82' lang='lat' dir='ltr'><strong>quondum</strong></span> <span class='ocrx_word' id='word_1_71' title='bbox 1213 1821 1334 1880; x_wconf 87' lang='lat' dir='ltr'><strong>terrem</strong></span> 
     </span>
     <span class='ocr_line' id='line_1_10' title="bbox 215 1921 1376 2007; baseline -0.003 -19"><span class='ocrx_word' id='word_1_72' title='bbox 215 1921 315 1988; x_wconf 84' lang='lat' dir='ltr'><strong>castri</strong></span> <span class='ocrx_word' id='word_1_73' title='bbox 339 1921 442 1988; x_wconf 80' lang='lat' dir='ltr'><strong>nostri</strong></span> <span class='ocrx_word' id='word_1_74' title='bbox 464 1922 506 1989; x_wconf 89' lang='lat' dir='ltr'><strong>de</strong></span> <span class='ocrx_word' id='word_1_75' title='bbox 521 1922 653 2007; x_wconf 90' lang='lat' dir='ltr'><strong>Hunth,</strong></span> <span class='ocrx_word' id='word_1_76' title='bbox 685 1941 748 2005; x_wconf 87' lang='lat' dir='ltr'><strong>que</strong></span> <span class='ocrx_word' id='word_1_77' title='bbox 769 1921 925 1991; x_wconf 81' lang='lat' dir='ltr'><strong>Gormoth</strong></span> <span class='ocrx_word' id='word_1_78' title='bbox 941 1923 1040 2005; x_wconf 82' lang='lat' dir='ltr'><strong>uulgo</strong></span> <span class='ocrx_word' id='word_1_79' title='bbox 1056 1929 1280 2006; x_wconf 79' lang='lat' dir='ltr'><strong>nuncupetur,</strong></span> <span class='ocrx_word' id='word_1_80' title='bbox 1313 1939 1334 1984; x_wconf 89' lang='grc' dir='ltr'><strong>ιι</strong></span> <span class='ocrx_word' id='word_1_81' title='bbox 1371 1947 1376 1952; x_wconf 95' lang='grc'><strong><em>·</em></strong></span> 
     </span>
     <span class='ocr_line' id='line_1_11' title="bbox 215 2029 1333 2116; baseline -0.004 -20"><span class='ocrx_word' id='word_1_82' title='bbox 215 2035 324 2096; x_wconf 82' lang='lat' dir='ltr'><strong>cestro</strong></span> <span class='ocrx_word' id='word_1_83' title='bbox 348 2037 588 2114; x_wconf 76' lang='lat' dir='ltr'><strong>prememorata</strong></span> <span class='ocrx_word' id='word_1_84' title='bbox 618 2030 747 2116; x_wconf 87' lang='lat' dir='ltr'><strong>penitus</strong></span> <span class='ocrx_word' id='word_1_85' title='bbox 773 2037 975 2114; x_wconf 83' lang='lat' dir='ltr'><strong>exemptam,</strong></span> <span class='ocrx_word' id='word_1_86' title='bbox 1008 2029 1040 2095; x_wconf 93' lang='lat' dir='ltr'><strong>in</strong></span> <span class='ocrx_word' id='word_1_87' title='bbox 1055 2029 1333 2114; x_wconf 82' lang='lat' dir='ltr'><strong>permutacionom</strong></span> 
     </span>
     <span class='ocr_line' id='line_1_12' title="bbox 217 2135 1333 2234; baseline -0.003 -31"><span class='ocrx_word' id='word_1_88' title='bbox 217 2136 403 2234; x_wconf 81' lang='lat' dir='ltr'><strong>prediorum</strong></span> <span class='ocrx_word' id='word_1_89' title='bbox 420 2157 550 2206; x_wconf 87' lang='lat' dir='ltr'><strong>suornm</strong></span> <span class='ocrx_word' id='word_1_90' title='bbox 560 2188 570 2222; x_wconf 84' lang='lat'><em>,</em></span> <span class='ocrx_word' id='word_1_91' title='bbox 601 2139 694 2204; x_wconf 86' lang='lat' dir='ltr'><strong>Nune</strong></span> <span class='ocrx_word' id='word_1_92' title='bbox 719 2137 805 2203; x_wconf 92' lang='lat' dir='ltr'><strong>Ville</strong></span> <span class='ocrx_word' id='word_1_93' title='bbox 836 2137 961 2204; x_wconf 85' lang='lat' dir='ltr'><strong>scilicet</strong></span> <span class='ocrx_word' id='word_1_94' title='bbox 985 2143 1018 2204; x_wconf 90' lang='lat' dir='ltr'><strong>et</strong></span> <span class='ocrx_word' id='word_1_95' title='bbox 1032 2136 1179 2222; x_wconf 84' lang='lat' dir='ltr'><strong>Polugie,</strong></span> <span class='ocrx_word' id='word_1_96' title='bbox 1196 2135 1230 2201; x_wconf 88' lang='lat' dir='ltr'><strong>in</strong></span> <span class='ocrx_word' id='word_1_97' title='bbox 1247 2135 1333 2221; x_wconf 82' lang='lat' dir='ltr'><strong>Lyp-</strong></span> 
     </span>
     <span class='ocr_line' id='line_1_13' title="bbox 222 2241 1333 2331; baseline -0.002 -22"><span class='ocrx_word' id='word_1_98' title='bbox 222 2253 276 2311; x_wconf 84' lang='lat' dir='ltr'><strong>tov</strong></span> <span class='ocrx_word' id='word_1_99' title='bbox 292 2246 524 2331; x_wconf 86' lang='lat' dir='ltr'><strong>existenoinm,</strong></span> <span class='ocrx_word' id='word_1_100' title='bbox 556 2265 620 2330; x_wconf 90' lang='lat' dir='ltr'><strong>que</strong></span> <span class='ocrx_word' id='word_1_101' title='bbox 640 2245 685 2312; x_wconf 86' lang='lat' dir='ltr'><strong>ud</strong></span> <span class='ocrx_word' id='word_1_102' title='bbox 700 2265 761 2313; x_wconf 92' lang='lat' dir='ltr'><strong>nos</strong></span> <span class='ocrx_word' id='word_1_103' title='bbox 777 2245 968 2331; x_wconf 76' lang='lat' dir='ltr'><strong>recipimus,</strong></span> <span class='ocrx_word' id='word_1_104' title='bbox 1000 2253 1156 2329; x_wconf 91' lang='lat' dir='ltr'><strong>perpetuo</strong></span> <span class='ocrx_word' id='word_1_105' title='bbox 1183 2241 1333 2309; x_wconf 83' lang='lat' dir='ltr'><strong>duximus</strong></span> 
     </span>
     <span class='ocr_line' id='line_1_14' title="bbox 215 2351 1333 2442; baseline -0.004 -22"><span class='ocrx_word' id='word_1_106' title='bbox 215 2353 455 2434; x_wconf 81' lang='lat' dir='ltr'><strong>conterendum,</strong></span> <span class='ocrx_word' id='word_1_107' title='bbox 470 2356 533 2421; x_wconf 84' lang='lat' dir='ltr'><strong>ub</strong></span> <span class='ocrx_word' id='word_1_108' title='bbox 524 2375 597 2442; x_wconf 90' lang='lat' dir='ltr'><strong>rpso</strong></span> <span class='ocrx_word' id='word_1_109' title='bbox 613 2361 646 2422; x_wconf 90' lang='lat' dir='ltr'><strong>et</strong></span> <span class='ocrx_word' id='word_1_110' title='bbox 661 2355 729 2422; x_wconf 88' lang='lat' dir='ltr'><strong>suis</strong></span> <span class='ocrx_word' id='word_1_111' title='bbox 740 2353 927 2437; x_wconf 86' lang='lat' dir='ltr'><strong>heredibus,</strong></span> <span class='ocrx_word' id='word_1_112' title='bbox 945 2351 1004 2420; x_wconf 88' lang='lat' dir='ltr'><strong>sub</strong></span> <span class='ocrx_word' id='word_1_113' title='bbox 1015 2351 1141 2420; x_wconf 90' lang='lat' dir='ltr'><strong>eisdem</strong></span> <span class='ocrx_word' id='word_1_114' title='bbox 1152 2353 1247 2419; x_wconf 86' lang='lat' dir='ltr'><strong>metis</strong></span> <span class='ocrx_word' id='word_1_115' title='bbox 1263 2351 1333 2435; x_wconf 89' lang='lat' dir='ltr'><strong>qui-</strong></span> 
     </span>
     <span class='ocr_line' id='line_1_15' title="bbox 216 2454 1334 2586; baseline -0.002 -58"><span class='ocrx_word' id='word_1_116' title='bbox 216 2461 276 2528; x_wconf 84' lang='lat' dir='ltr'><strong>buu</strong></span> <span class='ocrx_word' id='word_1_117' title='bbox 292 2462 412 2529; x_wconf 87' lang='lat' dir='ltr'><strong>dictum</strong></span> <span class='ocrx_word' id='word_1_118' title='bbox 428 2467 571 2530; x_wconf 83' lang='lat' dir='ltr'><strong>oestrum</strong></span> <span class='ocrx_word' id='word_1_119' title='bbox 588 2463 722 2530; x_wconf 78' lang='lat' dir='ltr'><strong>retinuit</strong></span> <span class='ocrx_word' id='word_1_120' title='bbox 731 2512 741 2548; x_wconf 90' lang='lat'><em>,</em></span> <span class='ocrx_word' id='word_1_121' title='bbox 765 2461 903 2547; x_wconf 76' lang='lat' dir='ltr'><strong>pacifice</strong></span> <span class='ocrx_word' id='word_1_122' title='bbox 927 2459 1171 2586; x_wconf 77' lang='lat' dir='ltr'><strong>possidendam.</strong></span> <span class='ocrx_word' id='word_1_123' title='bbox 1187 2454 1227 2528; x_wconf 88' lang='lat' dir='ltr'><strong>In</strong></span> <span class='ocrx_word' id='word_1_124' title='bbox 1243 2457 1334 2526; x_wconf 85' lang='lat' dir='ltr'><strong>cuins</strong></span> 
     </span>
     <span class='ocr_line' id='line_1_16' title="bbox 216 2537 1334 2657; baseline -0.003 -22"><span class='ocrx_word' id='word_1_125' title='bbox 216 2574 302 2636; x_wconf 89' lang='lat' dir='ltr'><strong>terre</strong></span> <span class='ocrx_word' id='word_1_126' title='bbox 318 2571 519 2657; x_wconf 81' lang='lat' dir='ltr'><strong>corporalem</strong></span> <span class='ocrx_word' id='word_1_127' title='bbox 544 2572 798 2657; x_wconf 86' lang='lat' dir='ltr'><strong>possessionem,</strong></span> <span class='ocrx_word' id='word_1_128' title='bbox 823 2569 984 2656; x_wconf 78' lang='lat' dir='ltr'><strong>prelatum</strong></span> <span class='ocrx_word' id='word_1_129' title='bbox 999 2537 1189 2654; x_wconf 78' lang='lat' dir='ltr'><strong>Nicoleim,</strong></span> <span class='ocrx_word' id='word_1_130' title='bbox 1205 2588 1264 2655; x_wconf 91' lang='lat' dir='ltr'><strong>per</strong></span> <span class='ocrx_word' id='word_1_131' title='bbox 1279 2585 1334 2633; x_wconf 84' lang='lat' dir='ltr'><strong>re·</strong></span> 
     </span>
     <span class='ocr_line' id='line_1_17' title="bbox 216 2675 1335 2764; baseline -0.003 -21"><span class='ocrx_word' id='word_1_132' title='bbox 216 2677 442 2746; x_wconf 86' lang='lat' dir='ltr'><strong>nerubilcm</strong></span> <span class='ocrx_word' id='word_1_133' title='bbox 411 2699 516 2746; x_wconf 78' lang='lat' dir='ltr'><strong>virum</strong></span> <span class='ocrx_word' id='word_1_134' title='bbox 530 2679 700 2747; x_wconf 83' lang='lat' dir='ltr'><strong>Albertum</strong></span> <span class='ocrx_word' id='word_1_135' title='bbox 726 2675 929 2764; x_wconf 80' lang='lat' dir='ltr'><strong>Propositum</strong></span> <span class='ocrx_word' id='word_1_136' title='bbox 945 2677 987 2744; x_wconf 89' lang='lat' dir='ltr'><strong>de</strong></span> <span class='ocrx_word' id='word_1_137' title='bbox 1002 2675 1125 2744; x_wconf 70' lang='lat' dir='ltr'><strong>lusor</strong></span> <span class='ocrx_word' id='word_1_138' title='bbox 1140 2675 1335 2742; x_wconf 83' lang='lat' dir='ltr'><strong>unctoritote</strong></span> 
     </span>
     <span class='ocr_line' id='line_1_18' title="bbox 221 2781 1334 2872; baseline -0.001 -24"><span class='ocrx_word' id='word_1_139' title='bbox 221 2782 328 2870; x_wconf 81' lang='lat' dir='ltr'><strong>Regia</strong></span> <span class='ocrx_word' id='word_1_140' title='bbox 344 2786 479 2854; x_wconf 87' lang='lat' dir='ltr'><strong>fecimus</strong></span> <span class='ocrx_word' id='word_1_141' title='bbox 495 2785 664 2854; x_wconf 81' lang='lat' dir='ltr'><strong>introduci.</strong></span> <span class='ocrx_word' id='word_1_142' title='bbox 679 2788 722 2854; x_wconf 90' lang='lat' dir='ltr'><strong>Vt</strong></span> <span class='ocrx_word' id='word_1_143' title='bbox 737 2791 846 2854; x_wconf 85' lang='lat' dir='ltr'><strong>autem</strong></span> <span class='ocrx_word' id='word_1_144' title='bbox 861 2783 924 2852; x_wconf 87' lang='lat' dir='ltr'><strong>lreo</strong></span> <span class='ocrx_word' id='word_1_145' title='bbox 938 2783 1191 2872; x_wconf 76' lang='lat' dir='ltr'><strong>permutationis</strong></span> <span class='ocrx_word' id='word_1_146' title='bbox 1207 2781 1334 2851; x_wconf 86' lang='lat' dir='ltr'><strong>ordinu-</strong></span> 
     </span>
     <span class='ocr_line' id='line_1_19' title="bbox 217 2892 1335 2982; baseline -0.003 -22"><span class='ocrx_word' id='word_1_147' title='bbox 217 2893 268 2960; x_wconf 91' lang='lat' dir='ltr'><strong>oio</strong></span> <span class='ocrx_word' id='word_1_148' title='bbox 283 2913 342 2979; x_wconf 96' lang='lat' dir='ltr'><strong>per</strong></span> <span class='ocrx_word' id='word_1_149' title='bbox 357 2911 417 2959; x_wconf 92' lang='lat' dir='ltr'><strong>nos</strong></span> <span class='ocrx_word' id='word_1_150' title='bbox 434 2892 533 2978; x_wconf 81' lang='lat' dir='ltr'><strong>tecta,</strong></span> <span class='ocrx_word' id='word_1_151' title='bbox 549 2899 706 2982; x_wconf 89' lang='lat' dir='ltr'><strong>perpetuo</strong></span> <span class='ocrx_word' id='word_1_152' title='bbox 717 2899 916 2981; x_wconf 87' lang='lat' dir='ltr'><strong>perseueret,</strong></span> <span class='ocrx_word' id='word_1_153' title='bbox 932 2913 992 2962; x_wconf 92' lang='lat' dir='ltr'><strong>neo</strong></span> <span class='ocrx_word' id='word_1_154' title='bbox 1008 2911 1163 2976; x_wconf 77' lang='lat' dir='ltr'><strong>umquem</strong></span> <span class='ocrx_word' id='word_1_155' title='bbox 1178 2907 1335 2977; x_wconf 86' lang='lat' dir='ltr'><strong>processu</strong></span> 
     </span>
     <span class='ocr_line' id='line_1_20' title="bbox 215 3000 1333 3088; baseline -0.004 -19"><span class='ocrx_word' id='word_1_156' title='bbox 215 3000 371 3088; x_wconf 88' lang='lat' dir='ltr'><strong>temporis</strong></span> <span class='ocrx_word' id='word_1_157' title='bbox 394 3001 508 3069; x_wconf 80' lang='lat' dir='ltr'><strong>ualeat</strong></span> <span class='ocrx_word' id='word_1_158' title='bbox 523 3003 556 3070; x_wconf 91' lang='lat' dir='ltr'><strong>in</strong></span> <span class='ocrx_word' id='word_1_159' title='bbox 572 3003 695 3072; x_wconf 89' lang='lat' dir='ltr'><strong>irritum</strong></span> <span class='ocrx_word' id='word_1_160' title='bbox 720 3003 890 3084; x_wconf 78' lang='lat' dir='ltr'><strong>reuocari,</strong></span> <span class='ocrx_word' id='word_1_161' title='bbox 924 3019 1059 3087; x_wconf 83' lang='lat' dir='ltr'><strong>presens</strong></span> <span class='ocrx_word' id='word_1_162' title='bbox 1087 3001 1244 3085; x_wconf 88' lang='lat' dir='ltr'><strong>scriptum</strong></span> <span class='ocrx_word' id='word_1_163' title='bbox 1260 3017 1333 3066; x_wconf 85' lang='lat' dir='ltr'><strong>oon·</strong></span> 
     </span>
     <span class='ocr_line' id='line_1_21' title="bbox 221 3107 1334 3198; baseline -0.003 -24"><span class='ocrx_word' id='word_1_164' title='bbox 221 3109 388 3192; x_wconf 85' lang='lat' dir='ltr'><strong>cessimus,</strong></span> <span class='ocrx_word' id='word_1_165' title='bbox 404 3109 545 3195; x_wconf 88' lang='lat' dir='ltr'><strong>dupliois</strong></span> <span class='ocrx_word' id='word_1_166' title='bbox 562 3111 662 3198; x_wconf 80' lang='lat' dir='ltr'><strong>sigilli</strong></span> <span class='ocrx_word' id='word_1_167' title='bbox 685 3112 789 3180; x_wconf 87' lang='lat' dir='ltr'><strong>nostri</strong></span> <span class='ocrx_word' id='word_1_168' title='bbox 806 3109 983 3178; x_wconf 85' lang='lat' dir='ltr'><strong>munimine</strong></span> <span class='ocrx_word' id='word_1_169' title='bbox 999 3108 1197 3177; x_wconf 82' lang='lat' dir='ltr'><strong>roboretum.</strong></span> <span class='ocrx_word' id='word_1_170' title='bbox 1213 3107 1334 3173; x_wconf 80' lang='lat' dir='ltr'><strong>Datum</strong></span> 
     </span>
     <span class='ocr_line' id='line_1_22' title="bbox 217 3213 1333 3288; baseline -0.005 -4"><span class='ocrx_word' id='word_1_171' title='bbox 217 3217 251 3284; x_wconf 93' lang='lat' dir='ltr'><strong>in</strong></span> <span class='ocrx_word' id='word_1_172' title='bbox 271 3217 385 3285; x_wconf 88' lang='lat' dir='ltr'><strong>Zolum</strong></span> <span class='ocrx_word' id='word_1_173' title='bbox 403 3218 463 3285; x_wconf 90' lang='lat' dir='ltr'><strong>sub</strong></span> <span class='ocrx_word' id='word_1_174' title='bbox 480 3226 589 3286; x_wconf 83' lang='lat' dir='ltr'><strong>oestro</strong></span> <span class='ocrx_word' id='word_1_175' title='bbox 603 3219 727 3288; x_wconf 81' lang='lat' dir='ltr'><strong>Polonu</strong></span> <span class='ocrx_word' id='word_1_176' title='bbox 742 3239 829 3287; x_wconf 82' lang='lat' dir='ltr'><strong>enno</strong></span> <span class='ocrx_word' id='word_1_177' title='bbox 856 3217 987 3286; x_wconf 88' lang='lat' dir='ltr'><strong>Domini</strong></span> <span class='ocrx_word' id='word_1_178' title='bbox 1002 3213 1333 3285; x_wconf 77' lang='lat' dir='ltr'><strong>M⁰GO⁰XL⁰Vl⁰ter</strong></span> 
     </span>
     <span class='ocr_line' id='line_1_23' title="bbox 218 3321 1144 3412; baseline -0.002 -23"><span class='ocrx_word' id='word_1_179' title='bbox 218 3325 262 3391; x_wconf 92' lang='lat' dir='ltr'><strong>tio</strong></span> <span class='ocrx_word' id='word_1_180' title='bbox 279 3324 358 3394; x_wconf 89' lang='lat' dir='ltr'><strong>Idus</strong></span> <span class='ocrx_word' id='word_1_181' title='bbox 374 3325 586 3412; x_wconf 87' lang='lat' dir='ltr'><strong>Septembris.</strong></span> <span class='ocrx_word' id='word_1_182' title='bbox 603 3327 710 3412; x_wconf 77' lang='lat' dir='ltr'><strong>Regni</strong></span> <span class='ocrx_word' id='word_1_183' title='bbox 724 3334 834 3393; x_wconf 82' lang='lat' dir='ltr'><strong>eutem</strong></span> <span class='ocrx_word' id='word_1_184' title='bbox 849 3324 952 3392; x_wconf 90' lang='lat' dir='ltr'><strong>nostri</strong></span> <span class='ocrx_word' id='word_1_185' title='bbox 965 3343 1051 3390; x_wconf 77' lang='lat' dir='ltr'><strong>euno</strong></span> <span class='ocrx_word' id='word_1_186' title='bbox 1067 3321 1144 3389; x_wconf 82' lang='lat' dir='ltr'><strong>XI⁰.</strong></span> 
     </span>
    </p>
   </div>
   <div class='ocr_carea' id='block_1_3' title="bbox 217 3473 1335 3664">
    <p class='ocr_par' dir='ltr' id='par_1_3' title="bbox 217 3473 1335 3664">
     <span class='ocr_line' id='line_1_24' title="bbox 323 3473 1334 3574; baseline -0.003 -18"><span class='ocrx_word' id='word_1_187' title='bbox 323 3504 433 3572; x_wconf 58' lang='lat' dir='ltr'><strong>sappus.</strong></span> <span class='ocrx_word' id='word_1_188' title='bbox 452 3502 584 3560; x_wconf 63' lang='lat' dir='ltr'><strong>remoue</strong></span> <span class='ocrx_word' id='word_1_189' title='bbox 597 3501 777 3574; x_wconf 73' lang='lat' dir='ltr'><strong>irohlrtytrc</strong></span> <span class='ocrx_word' id='word_1_190' title='bbox 790 3520 845 3560; x_wconf 71' lang='lat' dir='ltr'><strong>van</strong></span> <span class='ocrx_word' id='word_1_191' title='bbox 859 3501 940 3568; x_wconf 69' lang='lat' dir='ltr'><strong>eva,</strong></span> <span class='ocrx_word' id='word_1_192' title='bbox 963 3473 1334 3558; x_wconf 66' lang='lat' dir='ltr'><strong>oerorectueoes&#39;v&#39;im</strong></span> 
     </span>
     <span class='ocr_line' id='line_1_25' title="bbox 217 3586 1335 3664; baseline -0.003 -16"><span class='ocrx_word' id='word_1_193' title='bbox 217 3590 332 3664; x_wconf 79' lang='lat' dir='ltr'><strong>peosdte</strong></span> <span class='ocrx_word' id='word_1_194' title='bbox 345 3608 381 3646; x_wconf 76' lang='lat' dir='ltr'><strong>ez</strong></span> <span class='ocrx_word' id='word_1_195' title='bbox 394 3591 453 3648; x_wconf 80' lang='lat' dir='ltr'><strong>elul</strong></span> <span class='ocrx_word' id='word_1_196' title='bbox 466 3591 616 3664; x_wconf 77' lang='lat' dir='ltr'><strong>folhejtott</strong></span> <span class='ocrx_word' id='word_1_197' title='bbox 628 3589 778 3664; x_wconf 78' lang='lat' dir='ltr'><strong>htrtydrdl</strong></span> <span class='ocrx_word' id='word_1_198' title='bbox 790 3597 876 3649; x_wconf 81' lang='grc' dir='ltr'><strong>ιὸιὸι</strong></span> <span class='ocrx_word' id='word_1_199' title='bbox 890 3590 921 3649; x_wconf 79' lang='lat' dir='ltr'><strong>ds</strong></span> <span class='ocrx_word' id='word_1_200' title='bbox 933 3587 1014 3647; x_wconf 72' lang='lat' dir='ltr'><strong>schir</strong></span> <span class='ocrx_word' id='word_1_201' title='bbox 1026 3587 1181 3662; x_wconf 79' lang='lat' dir='ltr'><strong>selyenrrdl</strong></span> <span class='ocrx_word' id='word_1_202' title='bbox 1194 3586 1283 3661; x_wconf 71' lang='lat' dir='ltr'><strong>sugg,</strong></span> <span class='ocrx_word' id='word_1_203' title='bbox 1303 3591 1335 3645; x_wconf 81' lang='lat' dir='ltr'><strong>ds</strong></span> 
     </span>
    </p>
   </div>
   <div class='ocr_carea' id='block_1_4' title="bbox 217 3677 1335 3841">
    <p class='ocr_par' dir='ltr' id='par_1_4' title="bbox 217 3677 1335 3841">
     <span class='ocr_line' id='line_1_26' title="bbox 217 3677 1332 3754; baseline -0.002 -19"><span class='ocrx_word' id='word_1_204' title='bbox 217 3697 276 3752; x_wconf 75' lang='lat' dir='ltr'><strong>ugy</strong></span> <span class='ocrx_word' id='word_1_205' title='bbox 288 3679 395 3737; x_wconf 79' lang='lat' dir='ltr'><strong>litsnik</strong></span> <span class='ocrx_word' id='word_1_206' title='bbox 414 3681 534 3740; x_wconf 78' lang='lat' dir='ltr'><strong>husonlo</strong></span> <span class='ocrx_word' id='word_1_207' title='bbox 547 3683 651 3751; x_wconf 75' lang='lat' dir='ltr'><strong>sichon,</strong></span> <span class='ocrx_word' id='word_1_208' title='bbox 665 3681 742 3753; x_wconf 85' lang='lat' dir='ltr'><strong>moly</strong></span> <span class='ocrx_word' id='word_1_209' title='bbox 754 3681 830 3754; x_wconf 78' lang='lat' dir='ltr'><strong>Prey</strong></span> <span class='ocrx_word' id='word_1_210' title='bbox 851 3679 1022 3754; x_wconf 77' lang='lat' dir='ltr'><strong>(Syntegrnu</strong></span> <span class='ocrx_word' id='word_1_211' title='bbox 1035 3679 1070 3737; x_wconf 89' lang='lat' dir='ltr'><strong>de</strong></span> <span class='ocrx_word' id='word_1_212' title='bbox 1082 3677 1200 3752; x_wconf 77' lang='lat' dir='ltr'><strong>sigillis.</strong></span> <span class='ocrx_word' id='word_1_213' title='bbox 1214 3679 1286 3734; x_wconf 84' lang='lat' dir='ltr'><strong>Teb.</strong></span> <span class='ocrx_word' id='word_1_214' title='bbox 1297 3677 1332 3734; x_wconf 88' lang='lat' dir='ltr'><strong>V.</strong></span> 
     </span>
     <span class='ocr_line' id='line_1_27' title="bbox 217 3765 1335 3841; baseline -0.003 -17"><span class='ocrx_word' id='word_1_215' title='bbox 217 3765 266 3841; x_wconf 79' lang='lat' dir='ltr'><strong>lig.</strong></span> <span class='ocrx_word' id='word_1_216' title='bbox 279 3766 318 3840; x_wconf 70' lang='lat'><strong>2.)</strong></span> <span class='ocrx_word' id='word_1_217' title='bbox 332 3767 527 3839; x_wconf 73' lang='lat' dir='ltr'><strong>munidJibnn</strong></span> <span class='ocrx_word' id='word_1_218' title='bbox 540 3769 662 3828; x_wconf 80' lang='lat' dir='ltr'><strong>ldtlretd.</strong></span> <span class='ocrx_word' id='word_1_219' title='bbox 677 3769 758 3828; x_wconf 75' lang='lat' dir='ltr'><strong>Novo</strong></span> <span class='ocrx_word' id='word_1_220' title='bbox 776 3770 848 3828; x_wconf 83' lang='lat' dir='ltr'><strong>villu</strong></span> <span class='ocrx_word' id='word_1_221' title='bbox 857 3786 876 3825; x_wconf 78' lang='lat' dir='ltr'><strong>u</strong></span> <span class='ocrx_word' id='word_1_222' title='bbox 887 3767 1014 3827; x_wconf 77' lang='lat' dir='ltr'><strong>fonnobb</strong></span> <span class='ocrx_word' id='word_1_223' title='bbox 1027 3769 1178 3826; x_wconf 79' lang='lat' dir='ltr'><strong>olvsslrsto</strong></span> <span class='ocrx_word' id='word_1_224' title='bbox 1190 3765 1227 3823; x_wconf 91' lang='lat'><strong>11.</strong></span> <span class='ocrx_word' id='word_1_225' title='bbox 1240 3767 1335 3822; x_wconf 85' lang='lat' dir='ltr'><strong>Endre</strong></span> 
     </span>
    </p>
   </div>
   <div class='ocr_carea' id='block_1_5' title="bbox 218 3857 1336 4028">
    <p class='ocr_par' dir='ltr' id='par_1_5' title="bbox 218 3857 1336 4028">
     <span class='ocr_line' id='line_1_28' title="bbox 218 3857 1336 3934; baseline -0.002 -22"><span class='ocrx_word' id='word_1_226' title='bbox 218 3857 298 3918; x_wconf 73' lang='lat'><strong>1233.</strong></span> <span class='ocrx_word' id='word_1_227' title='bbox 310 3858 496 3918; x_wconf 75' lang='lat' dir='ltr'><strong>ollereldluen</strong></span> <span class='ocrx_word' id='word_1_228' title='bbox 517 3859 662 3934; x_wconf 79' lang='lat' dir='ltr'><strong>Oyuloluu</strong></span> <span class='ocrx_word' id='word_1_229' title='bbox 684 3859 912 3932; x_wconf 77' lang='lat' dir='ltr'><strong>(Ujfslu)ndven</strong></span> <span class='ocrx_word' id='word_1_230' title='bbox 933 3858 1054 3918; x_wconf 77' lang='lat' dir='ltr'><strong>hivetik.</strong></span> <span class='ocrx_word' id='word_1_231' title='bbox 1077 3857 1251 3930; x_wconf 78' lang='lat' dir='ltr'><strong>Zdlyomben</strong></span> <span class='ocrx_word' id='word_1_232' title='bbox 1260 3858 1336 3912; x_wconf 78' lang='lat' dir='ltr'><strong>most</strong></span> 
     </span>
     <span class='ocr_line' id='line_1_29' title="bbox 220 3946 1245 4028; baseline 0.008 -28"><span class='ocrx_word' id='word_1_233' title='bbox 220 3947 245 4000; x_wconf 85' lang='grc' dir='ltr'><strong>ἱι</strong></span> <span class='ocrx_word' id='word_1_234' title='bbox 259 3964 316 4004; x_wconf 79' lang='lat' dir='ltr'><strong>ron</strong></span> <span class='ocrx_word' id='word_1_235' title='bbox 326 3947 436 4004; x_wconf 83' lang='lat' dir='ltr'><strong>Polonu</strong></span> <span class='ocrx_word' id='word_1_236' title='bbox 448 3953 523 4006; x_wconf 84' lang='lat' dir='ltr'><strong>nortl</strong></span> <span class='ocrx_word' id='word_1_237' title='bbox 535 3949 622 4024; x_wconf 69' lang='lat' dir='ltr'><strong>hegy,</strong></span> <span class='ocrx_word' id='word_1_238' title='bbox 634 3949 670 4006; x_wconf 93' lang='lat' dir='ltr'><strong>de</strong></span> <span class='ocrx_word' id='word_1_239' title='bbox 681 3947 810 4012; x_wconf 77' lang='lat' dir='ltr'><strong>rdrtnsk</strong></span> <span class='ocrx_word' id='word_1_240' title='bbox 822 3946 884 4005; x_wconf 73' lang='lat' dir='ltr'><strong>mir</strong></span> <span class='ocrx_word' id='word_1_241' title='bbox 897 3950 995 4006; x_wconf 84' lang='lat' dir='ltr'><strong>sommi</strong></span> <span class='ocrx_word' id='word_1_242' title='bbox 1007 3966 1120 4022; x_wconf 77' lang='lat' dir='ltr'><strong>nyomu.</strong></span> <span class='ocrx_word' id='word_1_243' title='bbox 1234 4013 1245 4028; x_wconf 46' lang='grc'>,</span> 
     </span>
    </p>
   </div>
   <div class='ocr_carea' id='block_1_6' title="bbox 460 4077 1104 4166">
    <p class='ocr_par' dir='ltr' id='par_1_6' title="bbox 460 4077 1104 4166">
     <span class='ocr_line' id='line_1_30' title="bbox 460 4077 1104 4166; baseline -0.009 -16"><span class='ocrx_word' id='word_1_244' title='bbox 460 4089 499 4162; x_wconf 80' lang='grc' dir='ltr'><strong>(Α</strong></span> <span class='ocrx_word' id='word_1_245' title='bbox 511 4091 615 4150; x_wconf 77' lang='lat' dir='ltr'><strong>kdkkdi</strong></span> <span class='ocrx_word' id='word_1_246' title='bbox 632 4091 833 4160; x_wconf 76' lang='lat' dir='ltr'><strong>levdltlrbep:</strong></span> <span class='ocrx_word' id='word_1_247' title='bbox 852 4091 914 4149; x_wconf 68' lang='lat' dir='ltr'><strong>Ala.</strong></span> <span class='ocrx_word' id='word_1_248' title='bbox 927 4109 955 4149; x_wconf 91' lang='grc' dir='ltr'><strong>ιι.</strong></span> <span class='ocrx_word' id='word_1_249' title='bbox 968 4091 995 4148; x_wconf 86' lang='lat'><strong>4.</strong></span> <span class='ocrx_word' id='word_1_250' title='bbox 1009 4077 1104 4166; x_wconf 66' lang='lat' dir='ltr'><strong>drop.)</strong></span> 
     </span>
    </p>
   </div>
   <div class='ocr_carea' id='block_1_7' title="bbox 663 4383 864 4396">
    <p class='ocr_par' dir='ltr' id='par_1_7' title="bbox 663 4383 864 4396">
     <span class='ocr_line' id='line_1_31' title="bbox 663 4383 864 4396; baseline 0.005 -1"><span class='ocrx_word' id='word_1_251' title='bbox 663 4383 864 4396; x_wconf 51' lang='lat' dir='ltr'><strong>m-</strong></span> 
     </span>
    </p>
   </div>
   <div class='ocr_carea' id='block_1_8' title="bbox 0 0 1579 5044">
    <p class='ocr_par' dir='ltr' id='par_1_8' title="bbox 0 0 1579 5044">
     <span class='ocr_line' id='line_1_32' title="bbox 0 0 1579 5044; baseline 0 0"><span class='ocrx_word' id='word_1_252' title='bbox 0 0 1579 5044; x_wconf 95' lang='lat' dir='ltr'><strong> </strong></span> 
     </span>
    </p>
   </div>
  </div>
 </body>
</html>
