3210 5018
736 360 745 370 .
757 261 881 369 -84-..

239 465 370 545 propter
386 455 547 524 hereticos
563 453 808 543 profligandos,
834 455 952 540 quibus
978 475 1063 544 pene
1089 461 1160 522 tota
1176 455 1297 522 Greeia
1312 461 1363 522 est

241 571 408 651 eorrupta,
435 563 556 630 Christi
580 561 696 632 fideles
720 561 957 651 providerimus
974 559 1184 648 excitandos,
1208 562 1364 646 multique

239 677 366 744 nobiles
383 679 417 739 et
431 677 593 758 potentes,
608 678 777 757 assumpto
793 669 921 739 vivifice
938 671 1044 738 erneis
1060 673 1164 756 signo,
1181 669 1224 738 ad
1234 689 1365 738 succur-

240 803 310 852 sum
328 783 475 849 eiusdem
492 781 622 868 Imperii
647 799 684 848 se
709 781 911 847 accinxerint
935 781 1189 864 magnanimiter
1204 787 1237 846 et
1252 785 1363 866 poten·

239 899 308 958 ter:
336 891 472 976 Regiam
498 889 736 958 Excellentiam
760 907 933 974 rogamus,
961 907 1130 955 menemus
1151 893 1184 954 et
1198 887 1365 954 hortemur

241 1004 384 1084 attente,
411 1019 450 1066 ae
475 1016 534 1080 pro
558 997 641 1064 dono
661 999 800 1086 petimus
817 997 974 1084 speciali,
1001 1003 1162 1082 quatenus
1178 995 1363 1071 attendens,

240 1113 335 1192 prout
353 1105 503 1172 convenit
528 1103 701 1190 diligenter
710 1155 719 1189 ,
745 1105 831 1190 quod
857 1106 932 1171 dum
949 1106 983 1172 in
1000 1105 1061 1171 hoe
1077 1105 1171 1170 nobis
1188 1103 1364 1188 gratificari

240 1214 382 1292 videris,
399 1215 566 1301 proprium
582 1215 790 1298 prosequeris
806 1216 966 1282 interesse
975 1263 984 1298 ‚
1010 1234 1081 1279 eum
1098 1213 1134 1280 id
1150 1211 1192 1278 ad
1207 1213 1362 1278 honorem

241 1331 274 1389 et
289 1323 468 1406 profestum
494 1329 584 1388 tunm
610 1322 782 1408 provenire
804 1322 993 1404 eradamus,
1011 1322 1040 1387 si
1056 1319 1238 1387 huiusmodi
1254 1337 1362 1385 eruce·

241 1431 389 1512 signatus
404 1449 463 1513 per
479 1435 600 1495 terram
615 1435 707 1494 tuam
724 1429 866 1496 transire
882 1427 1074 1514 eontigerit,
1100 1427 1149 1494 eis
1166 1447 1226 1513 pro
1242 1425 1364 1493 Divina

241 1535 423 1602 reverentia
449 1541 482 1600 et
505 1535 697 1619 Apostolieu
724 1536 819 1604 Sedis
840 1557 879 1604 ae
895 1544 1009 1604 nostra
1025 1541 1092 1602 tam
1110 1537 1143 1602 in
1160 1553 1273 1602 seeuro
1290 1554 1363 1600 uon-

242 1644 340 1709 duuto
366 1641 470 1709 facias
497 1642 683 1728 provideri,
709 1662 807 1726 quam
833 1643 918 1708 alias
944 1643 1034 1724 iuxta
1062 1641 1363 1727 magnanimitatem

242 1757 329 1816 tuam
347 1750 518 1834 impendas
535 1750 716 1834 eonsilium,
735 1749 892 1816 auxilium
908 1759 941 1816 et
957 1751 1112 1836 savorem,
1128 1757 1164 1816 ut
1179 1769 1237 1836 per
1253 1749 1315 1816 heu
1332 1757 1365 1814 et

242 1857 308 1922 ulia
324 1857 411 1923 bona
427 1855 636 1941 queDomino
653 1858 771 1926 feceris
782 1857 974 1941 inspirante,
985 1859 1094 1923 omnia
1111 1857 1171 1922 tibi
1187 1877 1362 1942 cooperen-

242 1970 294 2029 tur
310 1965 343 2029 in
361 1963 498 2049 bonum,
526 1984 652 2046 nosque
668 1984 732 2030 non
748 1961 909 2031 immerito
927 1965 960 2029 in
977 1967 1040 2032 tuis
1056 1963 1207 2032 laudibus
1223 1967 1363 2032 delecte·

243 2091 321 2136 mur.
352 2071 472 2136 Datum
497 2070 651 2136 Laterani
672 2071 747 2136 IIIi.
764 2071 842 2136 Idus
858 2072 985 2158 Martii,
1003 2068 1229 2158 (Pontificatus
1244 2067 1363 2154 nostri)

243 2198 329 2244 anno
345 2176 524 2246 undecimo.

324 2441 388 2513 (tx,
403 2441 528 2514 Gergely
540 2441 617 2516 pstpu
629 2442 825 2526 Regestaibtil,
839 2383 962 2501 Theiner
975 2410 1064 2501 idam.
1080 2447 1100 2502 Ι.
1114 2448 1173 2503 ket.
1187 2447 1290 2519 1621.)
