3154 5030
303 939 398 1010 vtem
407 941 640 1031 paneadam
653 929 732 1032 cpdt
746 945 778 1010 ds
791 943 1000 1040 kdpmlanca
1014 941 1099 1012 colai
1109 943 1235 1032 (dedii)
1248 943 1381 1014 hkomk

658 1048 893 1120 tanozdecir'dl.
911 1053 1010 1120 1241.

382 1233 454 1300 Nos
468 1227 594 1317 V(ries)
609 1231 674 1299 Dei
689 1229 804 1319 grecis
819 1231 934 1301 nobes
950 1227 1014 1319 (et)
1051 1230 1173 1300 humile
1189 1251 1230 1299 ec
1245 1233 1397 1302 deuotum

276 1339 653 1426 vnlnersnmilepitnlnm
662 1341 852 1408 Monosterii
862 1340 976 1408 Sancti
986 1341 1120 1410 Martini
1129 1339 1171 1408 de
1180 1341 1278 1408 Sacro
1289 1341 1402 1408 llonte

278 1448 447 1517 Pannonio
462 1449 623 1516 vnlnersis
633 1447 753 1516 Christi
762 1447 914 1518 fidelibus
930 1451 1070 1518 salntem
1086 1451 1121 1516 in
1138 1469 1189 1536 eo,
1207 1449 1264 1534 qni
1280 1456 1331 1518 est
1346 1469 1402 1516 se-

188 1605 190 1612 .
277 1557 329 1628 lus
345 1564 379 1624 et
393 1559 511 1626 Rector
526 1559 676 1644 omnium.
702 1559 915 1648 Vniuersitnti
939 1565 1047 1626 vestre
1071 1567 1183 1642 tenore
1197 1557 1403 1645 presencium

277 1663 429 1736 duximus
437 1667 680 1752 declarandum
691 1667 779 1752 qnod
794 1653 1013 1745 cuni‘noslres
1028 1673 1137 1735 terres
1154 1675 1187 1734 et
1202 1668 1274 1734 inre
1285 1685 1402 1734 esrnn-

278 1772 352 1842 der'n
377 1775 410 1842 in
435 1773 518 1844 Sele
542 1795 641 1862 super
656 1765 743 1863 Weg
767 1777 981 1846 existenoium
997 1776 1142 1845 indebite
1157 1785 1190 1842 et
1216 1775 1405 1844 inordinate

278 1883 475 1953 uidissemus
492 1883 667 1970 occupari,
694 1891 727 1950 et
741 1884 887 1969 precium
904 1883 1107 1968 condignum
1122 1883 1201 1952 iuris
1218 1883 1333 1950 ordine
1347 1903 1406 1950 no·

278 1993 330 2066 bis
356 1999 390 2059 et
414 1991 563 2058 Ecclesle
588 1999 698 2060 nostre
709 1980 775 2060 non
789 1995 977 2080 persoluere
994 1989 1081 2080 (lgy)
1099 2013 1121 2059 e
1136 1993 1257 2060 nostris
1271 1991 1404 2078 populis

279 2097 398 2168 ibidem
415 2099 628 2186 degentibns5
653 2119 714 2169 nos
739 2123 816 2170 vero
832 2101 1035 2186 quorundum
1052 2100 1193 2194 virorum
1204 2100 1313 2170 ,edicti
1329 2119 1408 2166 con-

280 2207 355 2276 silio
379 2207 540 2276 dictarum
564 2215 722 2277 terrorum
738 2211 940 2280 commodum
967 2209 1000 2276 in
1027 2210 1127 2278 clinm
1144 2213 1408 2280 commutavera-

280 2335 351 2384 mus
367 2321 498 2384 stolum.
523 2315 585 2396 Qui
601 2318 679 2384 dicti
695 2320 810 2404 populi
826 2321 911 2387 inter
927 2337 963 2386 se
980 2318 1281 2386 animaduertentes
1297 2322 1333 2382 et
1346 2335 1406 2402 pe·

280 2425 328 2492 cis
344 2425 505 2512 colloquio
516 2425 559 2492 od
568 2426 757 2496 memoriam
766 2427 938 2496 redeuntes
948 2427 1104 2514 temporis
1115 2427 1298 2510 interuallo,
1309 2430 1409 2510 prout

279 2533 375 2604 decet
390 2534 476 2602 lilios
493 2534 536 2602 sd
551 2542 690 2602 metrum
707 2537 810 2604 rbere
826 2518 1042 2618 recurrentes,
1058 2535 1212 2624 precibus
1228 2531 1408 2600 eommuni-

283 2651 334 2712 ter
348 2644 470 2711 nornis
486 2645 619 2712 euribm
634 2637 856 2726 intonuerunt
878 2648 1007 2713 ut'cum
1022 2647 1071 2712 eis
1087 2641 1264 2712 secundum
1278 2647 1413 2726 tempus

280 2750 450 2839 pristinum
475 2754 727 2824 misericorditer
748 2773 932 2839 egeremus.
965 2749 1029 2833 Qui
1045 2773 1106 2822 nos
1123 2771 1235 2819 eorum
1251 2748 1407 2835 precibus

206 2913 212 2928 .
281 2866 314 2928 et
330 2861 546 2946 peticionibus
562 2870 744 2932 annuentes
759 2862 983 2930 misericordis
998 2863 1087 2947 moll,
1105 2867 1140 2929 vt
1155 2880 1219 2926 non
1235 2859 1408 2945 disperge·

280 2979 411 3056 rentur,
431 2990 508 3057 ymo
524 2973 639 3059 pocius
656 2953 946 3058 mmtiplieerentnr'
955 3021 965 3056 ‚
983 2990 1055 3037 cnm
1071 2968 1197 3038 eisdem
1213 2969 1315 3034 telem
1328 2965 1409 3032 leci·
1450 3033 1454 3038 .

281 3095 354 3145 mus
380 3081 654 3162 conusncionem,
680 3087 715 3146 nt
739 3082 781 3149 do
807 3081 947 3167 singulis
972 3067 1147 3167 iugeribus
1162 3075 1256 3144 nobie
1272 3071 1409 3160 singule

280 3185 428 3272 pondere
443 3190 669 3274 persoluerent
684 3209 754 3258 cnm
769 3189 1084 3287 iugerummensnre
1092 3237 1103 3273 ‚
1128 3205 1194 3271 quc
1216 3199 1407 3252 mensuren-

280 3301 332 3362 tur
356 3296 470 3383 ingere
494 3303 654 3366 terrerum
678 3297 801 3366 domini
816 3298 919 3384 Regis
944 3297 984 3366 in·
1003 3295 1120 3364 eedem
1136 3293 1246 3381 petris
1262 3292 1407 3360 existen-

282 3404 375 3472 cium.
400 3403 565 3492 Tempore
580 3411 689 3474 sutem
705 3407 906 3475 solucionem
922 3411 999 3474 sunt
1015 3404 1094 3490 hec;
1120 3404 1224 3492 primo
1239 3422 1262 3470 e
1275 3397 1409 3470 Netini-

282 3517 350 3580 tete
366 3513 471 3581 Beete
486 3515 590 3582 Meris
605 3533 709 3601 seque
724 3515 769 3584 ed
784 3509 903 3584 festum
920 3515 1032 3582 Sancti
1047 3509 1238 3596 Miohnelis3
1259 3507 1408 3578 seeundo

282 3641 305 3688 e
320 3619 405 3690 festo
421 3622 535 3692 Sancti
550 3623 681 3692 Andree
697 3625 741 3693 cd
757 3611 974 3692 Netinitctem
983 3621 1115 3690 Domini
1132 3641 1174 3688 ex
1190 3621 1315 3704 integro
1331 3635 1408 3703 per·

283 3729 461 3798 scirentur.
493 3729 544 3800 De
569 3733 735 3800 solucione
760 3742 870 3802 eutem
884 3731 1083 3802 decimarum
1097 3727 1221 3816 pariter
1235 3725 1408 3794 nobiseum

284 3835 534 3924 disposuerunt,
555 3840 640 3923 quod
655 3842 757 3908 sicuti.
773 3842 901 3911 decime
916 3840 1046 3908 domino
1061 3836 1318 3924 Archiepiscopo
1333 3855 1410 3920 per-

160 3981 166 3988 ·
283 3947 459 4035 scirentur,
476 3949 591 4018 eodem
606 3948 703 4018 modo
720 3951 784 4038 ipsi
793 3951 886 4021 nobis
896 3951 1054 4035 deinceps
1069 3949 1267 4035 persoluent.
1277 3945 1407 4012 necte·

283 4073 359 4124 men
375 4059 552 4128 conueneio
563 4059 610 4128 sic
621 4059 1023 4144 estordinetcetfirmste‚
1043 4063 1079 4124 nt
1093 4054 1300 4142 ipsicliqnid
1315 4051 1411 4120 eliud
1455 4106 1457 4109 .

285 4163 379 4234 nobis
394 4168 536 4254 emplius
550 4177 661 4256 preter
670 4171 736 4238 ists
750 4173 880 4238 soluere
892 4191 962 4238 non
975 4171 1173 4243 tenerentur,
1189 4162 1281 4233 verbi
1296 4161 1412 4246 gracie

285 4293 391 4359 neque
406 4276 516 4345 officis
530 4279 632 4346 nostri
650 4277 836 4346 descensus.
854 4278 921 4348 Sed
938 4282 973 4346 vt
987 4276 1116 4363 plenius
1125 4274 1331 4361 imposterum
1341 4287 1411 4336 me·

284 4385 385 4452 morie
400 4373 672 4473 commendemus,
688 4387 790 4456 nichil
800 4387 928 4475 penitus
939 4392 1089 4454 tenentur
1099 4383 1237 4466 soluere,
1247 4375 1410 4463 nisiqnod

283 4509 326 4557 ex
341 4503 453 4563 eornm
460 4495 700 4564 benevoleneis
709 4496 974 4588 ministrenerint.
991 4495 1034 4561 Et
1047 4498 1084 4562 vl
1099 4491 1160 4558 hoe
1176 4487 1334 4576 scriptum
1348 4503 1409 4572 per

289 4601 444 4687 temporis
460 4621 590 4671 cursum
605 4601 702 4672 robur
717 4603 873 4690 obtineat,
883 4603 983 4689 sigilli
997 4602 1101 4672 nostri
1115 4599 1290 4670 munimine
1304 4601 1406 4680 &illue
