<?xml version="1.0" encoding="UTF-8"?>
<!DOCTYPE html PUBLIC "-//W3C//DTD XHTML 1.0 Transitional//EN"
    "http://www.w3.org/TR/xhtml1/DTD/xhtml1-transitional.dtd">
<html xmlns="http://www.w3.org/1999/xhtml" xml:lang="en" lang="en">
 <head>
  <title>
</title>
<meta http-equiv="Content-Type" content="text/html;charset=utf-8" />
  <meta name='ocr-system' content='tesseract 3.04.00' />
  <meta name='ocr-capabilities' content='ocr_page ocr_carea ocr_par ocr_line ocrx_word'/>
</head>
<body>
  <div class='ocr_page' id='page_1' title='image "./codexdiplomatic11wenzgoog_0131.png"; bbox 0 0 3210 5018; ppageno 0'>
   <div class='ocr_carea' id='block_1_1' title="bbox 774 275 923 384">
    <p class='ocr_par' dir='ltr' id='par_1_1' title="bbox 774 275 923 384">
     <span class='ocr_line' id='line_1_1' title="bbox 774 275 923 384; baseline 0 -42"><span class='ocrx_word' id='word_1_1' title='bbox 774 275 923 384; x_wconf 45' lang='lat' dir='ltr'>Q</span> 
     </span>
    </p>
   </div>
   <div class='ocr_carea' id='block_1_2' title="bbox 237 437 1417 668">
    <p class='ocr_par' dir='ltr' id='par_1_2' title="bbox 237 437 1417 668">
     <span class='ocr_line' id='line_1_2' title="bbox 237 437 1416 559; baseline 0.002 -16"><span class='ocrx_word' id='word_1_2' title='bbox 237 515 239 520; x_wconf 87' lang='lat'><em>·</em></span> <span class='ocrx_word' id='word_1_3' title='bbox 292 475 457 542; x_wconf 78' lang='lat' dir='ltr'>Comitatu</span> <span class='ocrx_word' id='word_1_4' title='bbox 472 475 584 559; x_wconf 88' lang='lat' dir='ltr'>itaque</span> <span class='ocrx_word' id='word_1_5' title='bbox 600 437 811 542; x_wconf 83' lang='lat' dir='ltr'>Posoniensis</span> <span class='ocrx_word' id='word_1_6' title='bbox 827 475 869 540; x_wconf 86' lang='lat' dir='ltr'>dc</span> <span class='ocrx_word' id='word_1_7' title='bbox 880 475 1097 556; x_wconf 85' lang='lat' dir='ltr'>generacione</span> <span class='ocrx_word' id='word_1_8' title='bbox 1108 473 1254 542; x_wconf 80' lang='lat' dir='ltr'>Ethurnh</span> <span class='ocrx_word' id='word_1_9' title='bbox 1271 483 1346 544; x_wconf 90' lang='lat' dir='ltr'>sunt</span> <span class='ocrx_word' id='word_1_10' title='bbox 1361 478 1416 545; x_wconf 88' lang='lat' dir='ltr'>de·</span> 
     </span>
     <span class='ocr_line' id='line_1_3' title="bbox 292 580 1417 668; baseline -0.001 -16"><span class='ocrx_word' id='word_1_11' title='bbox 292 603 363 652; x_wconf 88' lang='lat' dir='ltr'>cem</span> <span class='ocrx_word' id='word_1_12' title='bbox 373 585 576 668; x_wconf 85' lang='lat' dir='ltr'>mansiones,</span> <span class='ocrx_word' id='word_1_13' title='bbox 594 601 730 667; x_wconf 88' lang='lat' dir='ltr'>quornm</span> <span class='ocrx_word' id='word_1_14' title='bbox 740 583 881 648; x_wconf 90' lang='lat' dir='ltr'>nomina:</span> <span class='ocrx_word' id='word_1_15' title='bbox 897 581 1014 666; x_wconf 86' lang='lat' dir='ltr'>Sebec,</span> <span class='ocrx_word' id='word_1_16' title='bbox 1032 580 1147 667; x_wconf 84' lang='lat' dir='ltr'>Othus,</span> <span class='ocrx_word' id='word_1_17' title='bbox 1163 583 1343 667; x_wconf 83' lang='lat' dir='ltr'>Mortnnus,</span> <span class='ocrx_word' id='word_1_18' title='bbox 1359 583 1417 652; x_wconf 86' lang='lat' dir='ltr'>Ja-</span> 
     </span>
    </p>
   </div>
   <div class='ocr_carea' id='block_1_3' title="bbox 185 687 1417 777">
    <p class='ocr_par' dir='ltr' id='par_1_3' title="bbox 185 687 1417 777">
     <span class='ocr_line' id='line_1_4' title="bbox 185 687 1417 777; baseline 0.002 -19"><span class='ocrx_word' id='word_1_19' title='bbox 185 717 190 724; x_wconf 94' lang='lat'>·</span> <span class='ocrx_word' id='word_1_20' title='bbox 292 693 403 777; x_wconf 90' lang='lat' dir='ltr'>cobus,</span> <span class='ocrx_word' id='word_1_21' title='bbox 419 692 522 777; x_wconf 83' lang='lat' dir='ltr'>Elias,</span> <span class='ocrx_word' id='word_1_22' title='bbox 538 690 657 775; x_wconf 87' lang='lat' dir='ltr'>Orsag,</span> <span class='ocrx_word' id='word_1_23' title='bbox 674 689 820 772; x_wconf 73' lang='lat' dir='ltr'>ethnan,</span> <span class='ocrx_word' id='word_1_24' title='bbox 832 687 988 771; x_wconf 84' lang='lat' dir='ltr'>Ethuruh,</span> <span class='ocrx_word' id='word_1_25' title='bbox 1001 687 1152 756; x_wconf 77' lang='lat' dir='ltr'>Clemens</span> <span class='ocrx_word' id='word_1_26' title='bbox 1169 696 1201 754; x_wconf 91' lang='lat' dir='ltr'>et</span> <span class='ocrx_word' id='word_1_27' title='bbox 1217 689 1319 758; x_wconf 76' lang='lat' dir='ltr'>Tene.</span> <span class='ocrx_word' id='word_1_28' title='bbox 1335 693 1417 760; x_wconf 89' lang='lat' dir='ltr'>Itcrn</span> 
     </span>
    </p>
   </div>
   <div class='ocr_carea' id='block_1_4' title="bbox 228 796 1418 1960">
    <p class='ocr_par' dir='ltr' id='par_1_4' title="bbox 228 796 1418 1960">
     <span class='ocr_line' id='line_1_5' title="bbox 228 796 1418 885; baseline 0.003 -19"><span class='ocrx_word' id='word_1_29' title='bbox 228 811 231 816; x_wconf 84' lang='lat'>&#39;</span> <span class='ocrx_word' id='word_1_30' title='bbox 294 799 335 866; x_wconf 92' lang='lat' dir='ltr'>de</span> <span class='ocrx_word' id='word_1_31' title='bbox 351 801 562 884; x_wconf 73' lang='lat' dir='ltr'>generatione</span> <span class='ocrx_word' id='word_1_32' title='bbox 578 801 693 885; x_wconf 87' lang='lat' dir='ltr'>Mogor</span> <span class='ocrx_word' id='word_1_33' title='bbox 710 807 784 868; x_wconf 92' lang='lat' dir='ltr'>sunt</span> <span class='ocrx_word' id='word_1_34' title='bbox 800 796 972 866; x_wconf 91' lang='lat' dir='ltr'>duodecim</span> <span class='ocrx_word' id='word_1_35' title='bbox 988 799 1185 883; x_wconf 87' lang='lat' dir='ltr'>mansiones,</span> <span class='ocrx_word' id='word_1_36' title='bbox 1208 817 1346 881; x_wconf 88' lang='lat' dir='ltr'>quorum</span> <span class='ocrx_word' id='word_1_37' title='bbox 1361 822 1418 869; x_wconf 94' lang='lat' dir='ltr'>no·</span> 
     </span>
     <span class='ocr_line' id='line_1_6' title="bbox 293 903 1414 992; baseline 0 -18"><span class='ocrx_word' id='word_1_38' title='bbox 293 906 391 974; x_wconf 88' lang='lat' dir='ltr'>ruina:</span> <span class='ocrx_word' id='word_1_39' title='bbox 407 909 569 992; x_wconf 81' lang='lat' dir='ltr'>Andreas,</span> <span class='ocrx_word' id='word_1_40' title='bbox 586 908 724 991; x_wconf 80' lang='lat' dir='ltr'>Endres,</span> <span class='ocrx_word' id='word_1_41' title='bbox 740 906 846 991; x_wconf 73' lang='lat' dir='ltr'>Banu,</span> <span class='ocrx_word' id='word_1_42' title='bbox 863 905 989 990; x_wconf 84' lang='lat' dir='ltr'>Baths,</span> <span class='ocrx_word' id='word_1_43' title='bbox 1006 903 1122 990; x_wconf 68' lang='lat' dir='ltr'>Uirum,</span> <span class='ocrx_word' id='word_1_44' title='bbox 1134 903 1229 990; x_wconf 90' lang='lat' dir='ltr'>Uros,</span> <span class='ocrx_word' id='word_1_45' title='bbox 1247 906 1336 989; x_wconf 82' lang='lat' dir='ltr'>Saul,</span> <span class='ocrx_word' id='word_1_46' title='bbox 1352 908 1414 974; x_wconf 89' lang='lat' dir='ltr'>Ba-</span> 
     </span>
     <span class='ocr_line' id='line_1_7' title="bbox 293 1010 1418 1100; baseline -0.001 -19"><span class='ocrx_word' id='word_1_47' title='bbox 293 1015 391 1097; x_wconf 84' lang='lat' dir='ltr'>lnlcir,</span> <span class='ocrx_word' id='word_1_48' title='bbox 403 1017 581 1100; x_wconf 89' lang='lat' dir='ltr'>Dionisins,</span> <span class='ocrx_word' id='word_1_49' title='bbox 593 1015 747 1100; x_wconf 84' lang='lat' dir='ltr'>Symoun,</span> <span class='ocrx_word' id='word_1_50' title='bbox 764 1013 950 1094; x_wconf 85' lang='lat' dir='ltr'>Karachun‚</span> <span class='ocrx_word' id='word_1_51' title='bbox 967 1010 1135 1078; x_wconf 81' lang='lat' dir='ltr'>Ohekcnd.</span> <span class='ocrx_word' id='word_1_52' title='bbox 1147 1012 1191 1080; x_wconf 91' lang='lat' dir='ltr'>Ut</span> <span class='ocrx_word' id='word_1_53' title='bbox 1201 1013 1299 1096; x_wconf 90' lang='lat' dir='ltr'>igitur</span> <span class='ocrx_word' id='word_1_54' title='bbox 1313 1013 1418 1080; x_wconf 89' lang='lat' dir='ltr'>omnis</span> 
     </span>
     <span class='ocr_line' id='line_1_8' title="bbox 293 1121 1416 1210; baseline 0 -20"><span class='ocrx_word' id='word_1_55' title='bbox 293 1125 466 1210; x_wconf 88' lang='lat' dir='ltr'>scrupulus</span> <span class='ocrx_word' id='word_1_56' title='bbox 492 1123 533 1188; x_wconf 89' lang='lat' dir='ltr'>de</span> <span class='ocrx_word' id='word_1_57' title='bbox 557 1123 701 1208; x_wconf 92' lang='lat' dir='ltr'>ipsorum</span> <span class='ocrx_word' id='word_1_58' title='bbox 726 1129 814 1188; x_wconf 88' lang='lat' dir='ltr'>statu</span> <span class='ocrx_word' id='word_1_59' title='bbox 839 1129 871 1188; x_wconf 88' lang='lat' dir='ltr'>et</span> <span class='ocrx_word' id='word_1_60' title='bbox 896 1122 1047 1187; x_wconf 80' lang='lat' dir='ltr'>libertate</span> <span class='ocrx_word' id='word_1_61' title='bbox 1072 1121 1206 1187; x_wconf 86' lang='lat' dir='ltr'>obtenta</span> <span class='ocrx_word' id='word_1_62' title='bbox 1221 1121 1264 1188; x_wconf 89' lang='lat' dir='ltr'>ab</span> <span class='ocrx_word' id='word_1_63' title='bbox 1281 1122 1416 1206; x_wconf 86' lang='lat' dir='ltr'>antiquo</span> 
     </span>
     <span class='ocr_line' id='line_1_9' title="bbox 293 1229 1417 1314; baseline 0 -18"><span class='ocrx_word' id='word_1_64' title='bbox 293 1236 501 1297; x_wconf 86' lang='lat' dir='ltr'>removeatur</span> <span class='ocrx_word' id='word_1_65' title='bbox 518 1229 736 1314; x_wconf 89' lang='lat' dir='ltr'>inposterum,</span> <span class='ocrx_word' id='word_1_66' title='bbox 754 1249 815 1294; x_wconf 91' lang='lat' dir='ltr'>nec</span> <span class='ocrx_word' id='word_1_67' title='bbox 831 1229 936 1314; x_wconf 93' lang='lat' dir='ltr'>possit</span> <span class='ocrx_word' id='word_1_68' title='bbox 952 1247 1105 1296; x_wconf 90' lang='lat' dir='ltr'>successu</span> <span class='ocrx_word' id='word_1_69' title='bbox 1115 1233 1295 1314; x_wconf 90' lang='lat' dir='ltr'>temporum</span> <span class='ocrx_word' id='word_1_70' title='bbox 1305 1231 1347 1296; x_wconf 88' lang='lat' dir='ltr'>ab</span> <span class='ocrx_word' id='word_1_71' title='bbox 1359 1231 1417 1296; x_wconf 84' lang='lat' dir='ltr'>ali-</span> 
     </span>
     <span class='ocr_line' id='line_1_10' title="bbox 294 1335 1417 1422; baseline 0.002 -20"><span class='ocrx_word' id='word_1_72' title='bbox 294 1357 357 1421; x_wconf 89' lang='lat' dir='ltr'>quo</span> <span class='ocrx_word' id='word_1_73' title='bbox 375 1337 545 1404; x_wconf 86' lang='lat' dir='ltr'>retractari</span> <span class='ocrx_word' id='word_1_74' title='bbox 554 1383 563 1418; x_wconf 89' lang='lat'><em>‚</em></span> <span class='ocrx_word' id='word_1_75' title='bbox 590 1337 625 1402; x_wconf 93' lang='lat' dir='ltr'>in</span> <span class='ocrx_word' id='word_1_76' title='bbox 642 1335 815 1403; x_wconf 88' lang='lat' dir='ltr'>firmiorem</span> <span class='ocrx_word' id='word_1_77' title='bbox 831 1337 881 1404; x_wconf 93' lang='lat' dir='ltr'>rei</span> <span class='ocrx_word' id='word_1_78' title='bbox 897 1336 1089 1404; x_wconf 76' lang='lat' dir='ltr'>memoriam</span> <span class='ocrx_word' id='word_1_79' title='bbox 1105 1343 1276 1422; x_wconf 70' lang='lat' dir='ltr'>presentes</span> <span class='ocrx_word' id='word_1_80' title='bbox 1293 1336 1417 1405; x_wconf 91' lang='lat' dir='ltr'>eisdem</span> 
     </span>
     <span class='ocr_line' id='line_1_11' title="bbox 293 1443 1418 1530; baseline 0.002 -20"><span class='ocrx_word' id='word_1_81' title='bbox 293 1445 407 1510; x_wconf 80' lang='lat' dir='ltr'>literas</span> <span class='ocrx_word' id='word_1_82' title='bbox 432 1449 563 1510; x_wconf 88' lang='lat' dir='ltr'>nostras</span> <span class='ocrx_word' id='word_1_83' title='bbox 588 1444 809 1512; x_wconf 79' lang='lat' dir='ltr'>concessimus</span> <span class='ocrx_word' id='word_1_84' title='bbox 833 1443 972 1530; x_wconf 90' lang='lat' dir='ltr'>duplicis</span> <span class='ocrx_word' id='word_1_85' title='bbox 997 1443 1099 1527; x_wconf 86' lang='lat' dir='ltr'>sigilli</span> <span class='ocrx_word' id='word_1_86' title='bbox 1124 1444 1227 1524; x_wconf 81' lang='lat' dir='ltr'>nostri</span> <span class='ocrx_word' id='word_1_87' title='bbox 1241 1444 1418 1512; x_wconf 81' lang='lat' dir='ltr'>munimine</span> 
     </span>
     <span class='ocr_line' id='line_1_12' title="bbox 293 1550 1415 1644; baseline 0.002 -27"><span class='ocrx_word' id='word_1_88' title='bbox 293 1552 512 1638; x_wconf 86' lang='lat' dir='ltr'>perempnitor</span> <span class='ocrx_word' id='word_1_89' title='bbox 528 1551 710 1644; x_wconf 85' lang='lat' dir='ltr'>roboratas.</span> <span class='ocrx_word' id='word_1_90' title='bbox 726 1550 849 1618; x_wconf 85' lang='lat' dir='ltr'>Datum</span> <span class='ocrx_word' id='word_1_91' title='bbox 865 1552 898 1618; x_wconf 93' lang='lat' dir='ltr'>in</span> <span class='ocrx_word' id='word_1_92' title='bbox 915 1557 1023 1619; x_wconf 90' lang='lat' dir='ltr'>castro</span> <span class='ocrx_word' id='word_1_93' title='bbox 1040 1553 1188 1636; x_wconf 88' lang='lat' dir='ltr'>Snpruu,</span> <span class='ocrx_word' id='word_1_94' title='bbox 1213 1571 1273 1637; x_wconf 91' lang='lat' dir='ltr'>per</span> <span class='ocrx_word' id='word_1_95' title='bbox 1297 1572 1415 1619; x_wconf 88' lang='lat' dir='ltr'>manus</span> 
     </span>
     <span class='ocr_line' id='line_1_13' title="bbox 295 1657 1414 1747; baseline -0.001 -20"><span class='ocrx_word' id='word_1_96' title='bbox 295 1659 446 1742; x_wconf 77' lang='lat' dir='ltr'>magistri</span> <span class='ocrx_word' id='word_1_97' title='bbox 457 1659 627 1727; x_wconf 77' lang='lat' dir='ltr'>Benedicti</span> <span class='ocrx_word' id='word_1_98' title='bbox 637 1661 796 1747; x_wconf 90' lang='lat' dir='ltr'>Prepositi</span> <span class='ocrx_word' id='word_1_99' title='bbox 810 1659 972 1728; x_wconf 88' lang='lat' dir='ltr'>Budensis</span> <span class='ocrx_word' id='word_1_100' title='bbox 987 1660 1064 1726; x_wconf 88' lang='lat' dir='ltr'>aule</span> <span class='ocrx_word' id='word_1_101' title='bbox 1080 1663 1193 1726; x_wconf 89' lang='lat' dir='ltr'>nostre</span> <span class='ocrx_word' id='word_1_102' title='bbox 1208 1657 1414 1726; x_wconf 83' lang='lat' dir='ltr'>Subcancel-</span> 
     </span>
     <span class='ocr_line' id='line_1_14' title="bbox 297 1765 1418 1855; baseline 0 -21"><span class='ocrx_word' id='word_1_103' title='bbox 297 1767 372 1834; x_wconf 88' lang='lat' dir='ltr'>larii</span> <span class='ocrx_word' id='word_1_104' title='bbox 386 1783 473 1834; x_wconf 87' lang='lat' dir='ltr'>anno</span> <span class='ocrx_word' id='word_1_105' title='bbox 491 1767 597 1853; x_wconf 89' lang='lat' dir='ltr'>gratie</span> <span class='ocrx_word' id='word_1_106' title='bbox 607 1767 899 1841; x_wconf 75' lang='lat' dir='ltr'>noexnxlur.</span> <span class='ocrx_word' id='word_1_107' title='bbox 910 1765 1073 1855; x_wconf 26' lang='lat' dir='ltr'>kain-iulii</span> <span class='ocrx_word' id='word_1_108' title='bbox 1080 1766 1186 1852; x_wconf 83' lang='lat' dir='ltr'>Regni</span> <span class='ocrx_word' id='word_1_109' title='bbox 1196 1773 1306 1834; x_wconf 87' lang='lat' dir='ltr'>autern</span> <span class='ocrx_word' id='word_1_110' title='bbox 1316 1768 1418 1834; x_wconf 87' lang='lat' dir='ltr'>nostri</span> 
     </span>
     <span class='ocr_line' id='line_1_15' title="bbox 298 1877 523 1960; baseline -0.013 -15"><span class='ocrx_word' id='word_1_111' title='bbox 298 1896 385 1945; x_wconf 91' lang='lat' dir='ltr'>anno</span> <span class='ocrx_word' id='word_1_112' title='bbox 401 1877 523 1960; x_wconf 90' lang='lat' dir='ltr'>quinto.</span> 
     </span>
    </p>
   </div>
   <div class='ocr_carea' id='block_1_5' title="bbox 315 2049 1401 2213">
    <p class='ocr_par' dir='ltr' id='par_1_5' title="bbox 315 2049 1401 2213">
     <span class='ocr_line' id='line_1_16' title="bbox 315 2049 1401 2128; baseline 0.001 -22"><span class='ocrx_word' id='word_1_113' title='bbox 315 2051 428 2124; x_wconf 79' lang='lat' dir='ltr'>(Bartai</span> <span class='ocrx_word' id='word_1_114' title='bbox 441 2049 529 2121; x_wconf 69' lang='lat' dir='ltr'>utta,</span> <span class='ocrx_word' id='word_1_115' title='bbox 549 2049 821 2108; x_wconf 74' lang='lat' dir='ltr'>Commentariorum</span> <span class='ocrx_word' id='word_1_116' title='bbox 834 2053 870 2107; x_wconf 87' lang='lat' dir='ltr'>sd</span> <span class='ocrx_word' id='word_1_117' title='bbox 883 2051 1033 2110; x_wconf 86' lang='lat' dir='ltr'>historiam</span> <span class='ocrx_word' id='word_1_118' title='bbox 1047 2057 1139 2110; x_wconf 86' lang='lat' dir='ltr'>status</span> <span class='ocrx_word' id='word_1_119' title='bbox 1149 2053 1279 2128; x_wconf 84' lang='lat' dir='ltr'>jurisque</span> <span class='ocrx_word' id='word_1_120' title='bbox 1290 2050 1401 2124; x_wconf 83' lang='lat' dir='ltr'>publici</span> 
     </span>
     <span class='ocr_line' id='line_1_17' title="bbox 330 2139 1381 2213; baseline 0 -17"><span class='ocrx_word' id='word_1_121' title='bbox 330 2139 498 2212; x_wconf 87' lang='lat' dir='ltr'>Hungarias</span> <span class='ocrx_word' id='word_1_122' title='bbox 511 2141 575 2198; x_wconf 85' lang='lat' dir='ltr'>aeui</span> <span class='ocrx_word' id='word_1_123' title='bbox 587 2141 681 2212; x_wconf 86' lang='lat' dir='ltr'>medii,</span> <span class='ocrx_word' id='word_1_124' title='bbox 693 2142 826 2213; x_wconf 76' lang='lat' dir='ltr'>Pczsony</span> <span class='ocrx_word' id='word_1_125' title='bbox 840 2142 919 2211; x_wconf 77' lang='grc'><strong>1847,</strong></span> <span class='ocrx_word' id='word_1_126' title='bbox 935 2141 972 2199; x_wconf 92' lang='lat'>11.</span> <span class='ocrx_word' id='word_1_127' title='bbox 986 2143 1015 2200; x_wconf 83' lang='lat' dir='ltr'>lr.</span> <span class='ocrx_word' id='word_1_128' title='bbox 1028 2145 1167 2200; x_wconf 82' lang='lat' dir='ltr'>mantissa</span> <span class='ocrx_word' id='word_1_129' title='bbox 1181 2141 1232 2200; x_wconf 92' lang='lat'><em>111.</em></span> <span class='ocrx_word' id='word_1_130' title='bbox 1246 2143 1265 2198; x_wconf 94' lang='lat' dir='ltr'>l.</span> <span class='ocrx_word' id='word_1_131' title='bbox 1280 2141 1381 2213; x_wconf 74' lang='lat' dir='ltr'>creet.)</span> 
     </span>
    </p>
   </div>
   <div class='ocr_carea' id='block_1_6' title="bbox 835 2759 890 2823">
    <p class='ocr_par' dir='ltr' id='par_1_6' title="bbox 835 2759 890 2823">
     <span class='ocr_line' id='line_1_18' title="bbox 835 2759 890 2823; baseline -0.073 1"><span class='ocrx_word' id='word_1_132' title='bbox 835 2759 890 2823; x_wconf 82' lang='lat' dir='ltr'>dt.</span> 
     </span>
    </p>
   </div>
   <div class='ocr_carea' id='block_1_7' title="bbox 297 2899 1419 3130">
    <p class='ocr_par' dir='ltr' id='par_1_7' title="bbox 297 2899 1419 3130">
     <span class='ocr_line' id='line_1_19' title="bbox 297 2899 1419 3030; baseline 0.009 -31"><span class='ocrx_word' id='word_1_133' title='bbox 297 2935 355 2999; x_wconf 90' lang='lat' dir='ltr'>IX.</span> <span class='ocrx_word' id='word_1_134' title='bbox 373 2933 509 3021; x_wconf 73' lang='lat' dir='ltr'>Gcrpcly</span> <span class='ocrx_word' id='word_1_135' title='bbox 521 2939 612 3022; x_wconf 79' lang='lat' dir='ltr'>pdpu</span> <span class='ocrx_word' id='word_1_136' title='bbox 628 2958 649 2998; x_wconf 86' lang='lat' dir='ltr'>n</span> <span class='ocrx_word' id='word_1_137' title='bbox 659 2899 894 3022; x_wconf 74' lang='lat' dir='ltr'>punncndnlmi</span> <span class='ocrx_word' id='word_1_138' title='bbox 919 2940 1054 3026; x_wconf 74' lang='lat' dir='ltr'>opdtsdy</span> <span class='ocrx_word' id='word_1_139' title='bbox 1078 2941 1109 3004; x_wconf 74' lang='lat' dir='ltr'>ds</span> <span class='ocrx_word' id='word_1_140' title='bbox 1133 2961 1154 3002; x_wconf 82' lang='lat' dir='ltr'>a</span> <span class='ocrx_word' id='word_1_141' title='bbox 1178 2946 1419 3030; x_wconf 72' lang='lat' dir='ltr'>sornopymegyai</span> 
     </span>
     <span class='ocr_line' id='line_1_20' title="bbox 450 3043 1262 3130; baseline 0.01 -25"><span class='ocrx_word' id='word_1_142' title='bbox 450 3046 578 3129; x_wconf 76' lang='lat' dir='ltr'>pcpsdp</span> <span class='ocrx_word' id='word_1_143' title='bbox 593 3043 664 3106; x_wconf 78' lang='lat' dir='ltr'>ledat</span> <span class='ocrx_word' id='word_1_144' title='bbox 679 3065 699 3105; x_wconf 85' lang='lat' dir='ltr'>a</span> <span class='ocrx_word' id='word_1_145' title='bbox 713 3043 795 3108; x_wconf 79' lang='lat' dir='ltr'>tizcd</span> <span class='ocrx_word' id='word_1_146' title='bbox 810 3044 945 3130; x_wconf 70' lang='lat' dir='ltr'>ttpyddcn</span> <span class='ocrx_word' id='word_1_147' title='bbox 959 3047 1146 3112; x_wconf 61' lang='lat' dir='ltr'>intestatis.</span> <span class='ocrx_word' id='word_1_148' title='bbox 1165 3049 1262 3114; x_wconf 80' lang='lat'><em>1240.</em></span> 
     </span>
    </p>
   </div>
   <div class='ocr_carea' id='block_1_8' title="bbox 283 3255 1420 4640">
    <p class='ocr_par' dir='ltr' id='par_1_8' title="bbox 283 3255 1420 4640">
     <span class='ocr_line' id='line_1_21' title="bbox 403 3255 1417 3343; baseline 0.008 -19"><span class='ocrx_word' id='word_1_149' title='bbox 403 3256 579 3343; x_wconf 79' lang='lat' dir='ltr'>Gregorius</span> <span class='ocrx_word' id='word_1_150' title='bbox 600 3255 783 3343; x_wconf 85' lang='lat' dir='ltr'>Episcopus</span> <span class='ocrx_word' id='word_1_151' title='bbox 799 3275 915 3324; x_wconf 90' lang='lat' dir='ltr'>seruus</span> <span class='ocrx_word' id='word_1_152' title='bbox 932 3277 1098 3326; x_wconf 89' lang='lat' dir='ltr'>seruorum</span> <span class='ocrx_word' id='word_1_153' title='bbox 1116 3263 1179 3329; x_wconf 86' lang='lat' dir='ltr'>Dei</span> <span class='ocrx_word' id='word_1_154' title='bbox 1199 3262 1327 3332; x_wconf 84' lang='lat' dir='ltr'>dilectis</span> <span class='ocrx_word' id='word_1_155' title='bbox 1342 3263 1417 3332; x_wconf 82' lang='lat' dir='ltr'>finis</span> 
     </span>
     <span class='ocr_line' id='line_1_22' title="bbox 295 3363 1416 3440; baseline 0.005 -8"><span class='ocrx_word' id='word_1_156' title='bbox 295 3415 303 3432; x_wconf 92' lang='lat'>.</span> <span class='ocrx_word' id='word_1_157' title='bbox 322 3417 328 3431; x_wconf 95' lang='lat'><em>.</em></span> <span class='ocrx_word' id='word_1_158' title='bbox 346 3413 354 3430; x_wconf 91' lang='lat'><strong>.</strong></span> <span class='ocrx_word' id='word_1_159' title='bbox 372 3366 414 3432; x_wconf 93' lang='lat' dir='ltr'>de</span> <span class='ocrx_word' id='word_1_160' title='bbox 429 3366 563 3432; x_wconf 90' lang='lat' dir='ltr'>Bochon</span> <span class='ocrx_word' id='word_1_161' title='bbox 579 3365 805 3432; x_wconf 76' lang='lat' dir='ltr'>cisterciensis</span> <span class='ocrx_word' id='word_1_162' title='bbox 823 3363 954 3434; x_wconf 88' lang='lat' dir='ltr'>Ordinis</span> <span class='ocrx_word' id='word_1_163' title='bbox 970 3373 1027 3434; x_wconf 91' lang='lat' dir='ltr'>et.</span> <span class='ocrx_word' id='word_1_164' title='bbox 1046 3417 1053 3432; x_wconf 93' lang='lat'><em>.</em></span> <span class='ocrx_word' id='word_1_165' title='bbox 1072 3417 1079 3434; x_wconf 94' lang='lat'><strong><em>.</em></strong></span> <span class='ocrx_word' id='word_1_166' title='bbox 1097 3371 1139 3437; x_wconf 89' lang='lat' dir='ltr'>de</span> <span class='ocrx_word' id='word_1_167' title='bbox 1156 3370 1292 3438; x_wconf 82' lang='lat' dir='ltr'>Tuchon</span> <span class='ocrx_word' id='word_1_168' title='bbox 1306 3373 1416 3440; x_wconf 82' lang='lat' dir='ltr'>Abba·</span> 
     </span>
     <span class='ocr_line' id='line_1_23' title="bbox 295 3473 1417 3559; baseline 0.01 -21"><span class='ocrx_word' id='word_1_169' title='bbox 295 3475 382 3540; x_wconf 90' lang='lat' dir='ltr'>tibus</span> <span class='ocrx_word' id='word_1_170' title='bbox 399 3481 433 3539; x_wconf 88' lang='lat' dir='ltr'>et</span> <span class='ocrx_word' id='word_1_171' title='bbox 450 3521 457 3537; x_wconf 92' lang='lat'><strong>.</strong></span> <span class='ocrx_word' id='word_1_172' title='bbox 475 3523 482 3539; x_wconf 93' lang='lat'>.</span> <span class='ocrx_word' id='word_1_173' title='bbox 500 3523 507 3538; x_wconf 95' lang='lat'><em>.</em></span> <span class='ocrx_word' id='word_1_174' title='bbox 525 3473 629 3540; x_wconf 90' lang='lat' dir='ltr'>Priori</span> <span class='ocrx_word' id='word_1_175' title='bbox 641 3473 1090 3559; x_wconf 86' lang='lat' dir='ltr'>deBochonVesprimicnsis</span> <span class='ocrx_word' id='word_1_176' title='bbox 1107 3478 1261 3547; x_wconf 90' lang='lat' dir='ltr'>Diocesis</span> <span class='ocrx_word' id='word_1_177' title='bbox 1278 3481 1417 3548; x_wconf 85' lang='lat' dir='ltr'>salutem</span> 
     </span>
     <span class='ocr_line' id='line_1_24' title="bbox 295 3581 1417 3669; baseline 0.009 -25"><span class='ocrx_word' id='word_1_178' title='bbox 295 3587 328 3644; x_wconf 89' lang='lat' dir='ltr'>et</span> <span class='ocrx_word' id='word_1_179' title='bbox 359 3581 582 3664; x_wconf 82' lang='lat' dir='ltr'>Apostolicam</span> <span class='ocrx_word' id='word_1_180' title='bbox 614 3581 886 3653; x_wconf 88' lang='lat' dir='ltr'>benedictionem.</span> <span class='ocrx_word' id='word_1_181' title='bbox 922 3584 1151 3669; x_wconf 78' lang='lat' dir='ltr'>Exposuerunt</span> <span class='ocrx_word' id='word_1_182' title='bbox 1181 3587 1276 3654; x_wconf 87' lang='lat' dir='ltr'>nobis</span> <span class='ocrx_word' id='word_1_183' title='bbox 1307 3587 1417 3656; x_wconf 87' lang='lat' dir='ltr'>dilecti</span> 
     </span>
     <span class='ocr_line' id='line_1_25' title="bbox 295 3683 1417 3762; baseline 0.01 -13"><span class='ocrx_word' id='word_1_184' title='bbox 295 3683 353 3750; x_wconf 88' lang='lat' dir='ltr'>tilii</span> <span class='ocrx_word' id='word_1_185' title='bbox 369 3735 377 3750; x_wconf 90' lang='lat'><strong>.</strong></span> <span class='ocrx_word' id='word_1_186' title='bbox 395 3733 402 3748; x_wconf 92' lang='lat'>.</span> <span class='ocrx_word' id='word_1_187' title='bbox 420 3731 428 3748; x_wconf 90' lang='lat'><strong>.</strong></span> <span class='ocrx_word' id='word_1_188' title='bbox 454 3687 567 3752; x_wconf 86' lang='lat' dir='ltr'>Abbes</span> <span class='ocrx_word' id='word_1_189' title='bbox 583 3693 616 3753; x_wconf 90' lang='lat' dir='ltr'>et</span> <span class='ocrx_word' id='word_1_190' title='bbox 631 3687 819 3754; x_wconf 76' lang='lat' dir='ltr'>Consentes</span> <span class='ocrx_word' id='word_1_191' title='bbox 833 3691 948 3761; x_wconf 86' lang='lat' dir='ltr'>Sancti</span> <span class='ocrx_word' id='word_1_192' title='bbox 963 3692 1096 3758; x_wconf 87' lang='lat' dir='ltr'>Martini</span> <span class='ocrx_word' id='word_1_193' title='bbox 1115 3695 1156 3760; x_wconf 90' lang='lat' dir='ltr'>de</span> <span class='ocrx_word' id='word_1_194' title='bbox 1172 3693 1343 3762; x_wconf 89' lang='lat' dir='ltr'>Pannonia</span> <span class='ocrx_word' id='word_1_195' title='bbox 1359 3693 1417 3762; x_wconf 90' lang='lat' dir='ltr'>Or·</span> 
     </span>
     <span class='ocr_line' id='line_1_26' title="bbox 297 3785 1418 3888; baseline 0.01 -30"><span class='ocrx_word' id='word_1_196' title='bbox 297 3791 382 3858; x_wconf 93' lang='lat' dir='ltr'>dinis</span> <span class='ocrx_word' id='word_1_197' title='bbox 398 3785 512 3860; x_wconf 86' lang='lat' dir='ltr'>Sancti</span> <span class='ocrx_word' id='word_1_198' title='bbox 526 3793 714 3878; x_wconf 88' lang='lat' dir='ltr'>Benedicti,</span> <span class='ocrx_word' id='word_1_199' title='bbox 741 3797 828 3878; x_wconf 89' lang='lat' dir='ltr'>quod</span> <span class='ocrx_word' id='word_1_200' title='bbox 845 3815 917 3863; x_wconf 90' lang='lat' dir='ltr'>cum</span> <span class='ocrx_word' id='word_1_201' title='bbox 933 3801 1017 3866; x_wconf 91' lang='lat' dir='ltr'>inter</span> <span class='ocrx_word' id='word_1_202' title='bbox 1033 3802 1122 3888; x_wconf 92' lang='lat' dir='ltr'>ipsos</span> <span class='ocrx_word' id='word_1_203' title='bbox 1139 3808 1289 3887; x_wconf 83' lang='lat' dir='ltr'>exparte</span> <span class='ocrx_word' id='word_1_204' title='bbox 1305 3821 1370 3869; x_wconf 90' lang='lat' dir='ltr'>una</span> <span class='ocrx_word' id='word_1_205' title='bbox 1385 3810 1418 3869; x_wconf 92' lang='lat' dir='ltr'>et</span> 
     </span>
     <span class='ocr_line' id='line_1_27' title="bbox 295 3899 1412 3992; baseline 0.012 -28"><span class='ocrx_word' id='word_1_206' title='bbox 295 3899 483 3968; x_wconf 88' lang='lat' dir='ltr'>sacerdetes</span> <span class='ocrx_word' id='word_1_207' title='bbox 500 3899 678 3968; x_wconf 76' lang='lat' dir='ltr'>Comitatus</span> <span class='ocrx_word' id='word_1_208' title='bbox 695 3902 910 3988; x_wconf 74' lang='lat' dir='ltr'>simigiensis,</span> <span class='ocrx_word' id='word_1_209' title='bbox 926 3905 1177 3990; x_wconf 81' lang='lat' dir='ltr'>vesprimiensis</span> <span class='ocrx_word' id='word_1_210' title='bbox 1189 3909 1350 3992; x_wconf 88' lang='lat' dir='ltr'>Diocesis,</span> <span class='ocrx_word' id='word_1_211' title='bbox 1370 3931 1412 3977; x_wconf 86' lang='lat' dir='ltr'>ex</span> 
     </span>
     <span class='ocr_line' id='line_1_28' title="bbox 295 4009 1416 4105; baseline 0.009 -31"><span class='ocrx_word' id='word_1_212' title='bbox 295 4009 403 4075; x_wconf 87' lang='lat' dir='ltr'>altera</span> <span class='ocrx_word' id='word_1_213' title='bbox 417 4029 526 4076; x_wconf 88' lang='lat' dir='ltr'>coram</span> <span class='ocrx_word' id='word_1_214' title='bbox 542 4011 721 4077; x_wconf 86' lang='lat' dir='ltr'>venerabili</span> <span class='ocrx_word' id='word_1_215' title='bbox 737 4012 839 4078; x_wconf 84' lang='lat' dir='ltr'>fratre</span> <span class='ocrx_word' id='word_1_216' title='bbox 856 4018 985 4082; x_wconf 88' lang='lat' dir='ltr'>nostro.</span> <span class='ocrx_word' id='word_1_217' title='bbox 1003 4063 1011 4080; x_wconf 90' lang='lat'><strong>.</strong></span> <span class='ocrx_word' id='word_1_218' title='bbox 1029 4018 1241 4086; x_wconf 81' lang='lat' dir='ltr'>.P1enestino</span> <span class='ocrx_word' id='word_1_219' title='bbox 1252 4019 1416 4105; x_wconf 84' lang='lat' dir='ltr'>Episcopo</span> 
     </span>
     <span class='ocr_line' id='line_1_29' title="bbox 294 4116 1420 4211; baseline 0.012 -31"><span class='ocrx_word' id='word_1_220' title='bbox 294 4121 371 4182; x_wconf 88' lang='lat' dir='ltr'>tunc</span> <span class='ocrx_word' id='word_1_221' title='bbox 396 4117 430 4182; x_wconf 93' lang='lat' dir='ltr'>in</span> <span class='ocrx_word' id='word_1_222' title='bbox 456 4116 606 4200; x_wconf 85' lang='lat' dir='ltr'>partibus</span> <span class='ocrx_word' id='word_1_223' title='bbox 633 4119 700 4185; x_wconf 89' lang='lat' dir='ltr'>illis</span> <span class='ocrx_word' id='word_1_224' title='bbox 714 4117 904 4204; x_wconf 81' lang='lat' dir='ltr'>Apostolice</span> <span class='ocrx_word' id='word_1_225' title='bbox 919 4120 1015 4190; x_wconf 83' lang='lat' dir='ltr'>Sedis</span> <span class='ocrx_word' id='word_1_226' title='bbox 1032 4125 1158 4210; x_wconf 84' lang='lat' dir='ltr'>Legato</span> <span class='ocrx_word' id='word_1_227' title='bbox 1174 4145 1273 4211; x_wconf 89' lang='lat' dir='ltr'>super</span> <span class='ocrx_word' id='word_1_228' title='bbox 1289 4126 1420 4210; x_wconf 87' lang='lat' dir='ltr'>quibus-</span> 
     </span>
     <span class='ocr_line' id='line_1_30' title="bbox 285 4223 1420 4319; baseline 0.008 -30"><span class='ocrx_word' id='word_1_229' title='bbox 285 4223 370 4289; x_wconf 88' lang='lat' dir='ltr'>-dam</span> <span class='ocrx_word' id='word_1_230' title='bbox 388 4223 524 4290; x_wconf 86' lang='lat' dir='ltr'>decimis</span> <span class='ocrx_word' id='word_1_231' title='bbox 543 4227 671 4306; x_wconf 87' lang='lat' dir='ltr'>questio</span> <span class='ocrx_word' id='word_1_232' title='bbox 698 4235 899 4316; x_wconf 88' lang='lat' dir='ltr'>uerteretur,</span> <span class='ocrx_word' id='word_1_233' title='bbox 920 4229 1089 4298; x_wconf 87' lang='lat' dir='ltr'>mediante</span> <span class='ocrx_word' id='word_1_234' title='bbox 1105 4234 1239 4300; x_wconf 87' lang='lat' dir='ltr'>tandem</span> <span class='ocrx_word' id='word_1_235' title='bbox 1254 4234 1328 4319; x_wconf 91' lang='lat' dir='ltr'>ipso</span> <span class='ocrx_word' id='word_1_236' title='bbox 1344 4233 1420 4318; x_wconf 79' lang='lat' dir='ltr'>Epi-</span> 
     </span>
     <span class='ocr_line' id='line_1_31' title="bbox 285 4331 1420 4426; baseline 0.011 -31"><span class='ocrx_word' id='word_1_237' title='bbox 285 4349 395 4415; x_wconf 81' lang='lat' dir='ltr'>scopo</span> <span class='ocrx_word' id='word_1_238' title='bbox 410 4331 596 4398; x_wconf 87' lang='lat' dir='ltr'>amicabilis</span> <span class='ocrx_word' id='word_1_239' title='bbox 624 4333 707 4400; x_wconf 90' lang='lat' dir='ltr'>inter</span> <span class='ocrx_word' id='word_1_240' title='bbox 733 4353 790 4403; x_wconf 87' lang='lat' dir='ltr'>eos</span> <span class='ocrx_word' id='word_1_241' title='bbox 815 4339 1007 4423; x_wconf 90' lang='lat' dir='ltr'>compositio</span> <span class='ocrx_word' id='word_1_242' title='bbox 1033 4339 1229 4426; x_wconf 87' lang='lat' dir='ltr'>interuenit,</span> <span class='ocrx_word' id='word_1_243' title='bbox 1255 4342 1420 4425; x_wconf 87' lang='lat' dir='ltr'>adquam</span> 
     </span>
     <span class='ocr_line' id='line_1_32' title="bbox 283 4431 1419 4516; baseline 0.01 -13"><span class='ocrx_word' id='word_1_244' title='bbox 283 4431 534 4506; x_wconf 86' lang='lat' dir='ltr'>&#39;obseruandum</span> <span class='ocrx_word' id='word_1_245' title='bbox 552 4439 630 4507; x_wconf 89' lang='lat' dir='ltr'>dicti</span> <span class='ocrx_word' id='word_1_246' title='bbox 645 4443 833 4512; x_wconf 84' lang='lat' dir='ltr'>sacerdotes</span> <span class='ocrx_word' id='word_1_247' title='bbox 858 4465 895 4512; x_wconf 91' lang='lat' dir='ltr'>se</span> <span class='ocrx_word' id='word_1_248' title='bbox 920 4445 1090 4516; x_wconf 86' lang='lat' dir='ltr'>iuramenti</span> <span class='ocrx_word' id='word_1_249' title='bbox 1114 4446 1245 4514; x_wconf 92' lang='lat' dir='ltr'>uinculo</span> <span class='ocrx_word' id='word_1_250' title='bbox 1261 4449 1419 4516; x_wconf 86' lang='lat' dir='ltr'>astrinxe-</span> 
     </span>
     <span class='ocr_line' id='line_1_33' title="bbox 294 4543 1416 4640; baseline 0.012 -29"><span class='ocrx_word' id='word_1_251' title='bbox 294 4549 379 4611; x_wconf 88' lang='lat' dir='ltr'>runt.</span> <span class='ocrx_word' id='word_1_252' title='bbox 396 4543 461 4610; x_wconf 87' lang='lat' dir='ltr'>Sed</span> <span class='ocrx_word' id='word_1_253' title='bbox 476 4547 574 4614; x_wconf 89' lang='lat' dir='ltr'>iidem</span> <span class='ocrx_word' id='word_1_254' title='bbox 592 4555 705 4617; x_wconf 80' lang='lat' dir='ltr'>contra</span> <span class='ocrx_word' id='word_1_255' title='bbox 720 4552 937 4620; x_wconf 86' lang='lat' dir='ltr'>iuramentum</span> <span class='ocrx_word' id='word_1_256' title='bbox 952 4555 1123 4640; x_wconf 89' lang='lat' dir='ltr'>prestitum</span> <span class='ocrx_word' id='word_1_257' title='bbox 1143 4561 1270 4623; x_wconf 83' lang='lat' dir='ltr'>temera</span> <span class='ocrx_word' id='word_1_258' title='bbox 1285 4555 1416 4624; x_wconf 86' lang='lat' dir='ltr'>uenien-</span> 
     </span>
    </p>
   </div>
   <div class='ocr_carea' id='block_1_9' title="bbox 0 0 1614 5018">
    <p class='ocr_par' dir='ltr' id='par_1_9' title="bbox 0 0 1614 5018">
     <span class='ocr_line' id='line_1_34' title="bbox 0 0 1614 5018; baseline 0 0"><span class='ocrx_word' id='word_1_259' title='bbox 0 0 1614 5018; x_wconf 95' lang='lat' dir='ltr'> </span> 
     </span>
    </p>
   </div>
  </div>
 </body>
</html>
