3184 5064
793 218 950 325 ..292-

307 421 512 507 prcsenciam
527 421 638 486 Fenus
654 417 852 486 venerabilis
867 416 982 484 nobas
998 411 1040 479 de
1056 413 1160 480 Sucro
1177 414 1288 482 Monte
1303 415 1438 480 Panno-

305 527 361 594 nie
375 525 469 592 nobis
484 524 666 592 instanciue
681 524 897 610 supplicauit‚
913 525 950 589 vt
965 519 1087 586 dictam
1103 527 1223 587 terram
1238 521 1354 588 liceret
1372 521 1439 588 sibi

306 654 413 703 emero
430 632 575 708 ‘nomine
607 632 754 699 Ecclesie
779 652 837 701 sne
854 639 887 698 et
910 627 1048 717 pacifice
1064 629 1244 714 possidere.
1275 631 1439 697 Volentes

305 742 402 828 igitur
418 740 550 808 utilitati
565 739 866 807 MoncsteriiBeati
882 727 1015 805 Martini
1031 737 1204 803 consulere
1219 735 1253 803 in
1268 733 1332 804 lrsc
1359 755 1437 822 par·

305 859 357 934 te,
376 845 595 918 concessimus
611 844 700 912 dicto
716 847 858 932 Abbati,
874 853 910 912 vt
926 846 1049 912 dietam
1065 851 1188 911 terram
1204 843 1319 927 Durug
1333 863 1436 934 vocas

305 965 371 1023 tam
389 976 410 1022 c
425 953 554 1040 prelato
574 952 765 1022 Alexandro
790 955 893 1022 libere
922 958 1014 1018 emat
1045 958 1078 1017 ot
1105 949 1284 1038 possideat.
1316 953 1360 1018 lit
1387 950 1439 1018 sic

304 1064 391 1130 idern
415 1059 605 1129 Alexander
629 1061 743 1128 retulit
766 1062 800 1128 in
826 1067 940 1128 nostra
954 1059 1128 1146 presencia
1144 1059 1439 1144 constitutus-‚per

306 1171 426 1237 dictum
442 1167 605 1237 Abbatem
635 1169 781 1253 precium
813 1167 958 1235 eiusdem
988 1173 1074 1234 terre
1098 1164 1227 1250 plcnius
1244 1165 1309 1232 sibi
1323 1164 1437 1232 extitit

306 1279 514 1366 persolutum.
544 1276 583 1341 In
614 1276 704 1348 cuins
730 1277 835 1344 eciam
860 1274 1037 1342 solucionis
1062 1274 1218 1354 iudicium
1243 1275 1330 1356 idem
1355 1274 1437 1340 Ale·

305 1386 431 1452 xander
446 1385 650 1472 priuilegium
665 1391 820 1468 nostrum,
845 1385 933 1468 qnod
949 1383 1095 1452 habebat
1110 1401 1210 1469 cuper.
1223 1384 1297 1470 ipsa
1326 1389 1434 1467 terra,

306 1492 392 1558 dicto
418 1489 538 1560 Abbati
564 1493 710 1557 restitnit
735 1493 823 1558 omni
847 1510 945 1577 super
969 1489 1080 1577 precio
1106 1488 1195 1556 dicte
1211 1497 1299 1556 terre
1314 1507 1437 1556 rennn-

306 1600 397 1664 oinns
413 1597 550 1665 accioni.
574 1597 617 1664 Vt
638 1599 738 1684 igitur
752 1599 813 1664 hec
829 1605 941 1666 nostra
957 1597 1124 1663 concessio
1149 1597 1248 1662 robur
1272 1601 1435 1682 perpetue

303 1707 450 1774 obtineat
465 1705 646 1790 firmitatis,
674 1707 798 1773 litteras
824 1713 954 1776 nostres
971 1705 1192 1772 concessimus
1219 1704 1362 1787 duplicis
1390 1705 1434 1770 si-

302 1813 373 1898 gilli
404 1814 505 1882 nostri
535 1814 710 1881 munimine
740 1815 922 1882 roboratas.
970 1814 1091 1879 Datum
1125 1833 1184 1897 per
1207 1831 1323 1879 manns
1353 1831 1427 1877 unn-

304 1921 398 2005 gistri
429 1918 604 2006 Smaragdi
635 1919 832 1988 venerabilia
864 1921 970 1987 illecti
996 1919 1146 1987 Ecclesia
1171 1918 1360 1985 Colocensis
1384 1917 1435 1983 di·

303 2026 379 2095 lecti
397 2034 429 2093 et
446 2026 553 2093 fidelis
568 2029 673 2096 nostri
698 2029 773 2106 aule
798 2033 909 2094 nostre
926 2023 1228 2094 'vice-Cancellaril
1253 2045 1338 2090 anno
1365 2023 1432 2090 Do

303 2133 382 2216 mini
407 2133 579 2210 millesimo
605 2133 826 2201 ducentesimo
857 2134 1131 2218 quinquagesimo
1148 2139 1278 2217 octauo,
1294 2120 1433 2198 ’ΧῖἷΠΙθ

306 2240 465 2306 kalendas
482 2239 597 2325 Medii,
614 2241 720 2326 Regni
736 2249 844 2308 autern
855 2241 965 2340 ¹nostri
981 2259 1069 2306 anno
1085 2241 1248 2326 vigesimo
1264 2239 1376 2315 tercio.

446 2430 589 2500 (Eredetie
608 2449 626 2488 a
644 2433 862 2491 suentmirtoni
879 2432 1036 2508 itapetstg
1054 2431 1275 2503 lercensem.)

816 2949 895 3017 eol.

300 3125 360 3191 IV.
367 3123 448 3190 Belo
457 3125 564 3212 ltroly
573 3125 1432 3218 apannontolmicpcttadpecaGushrkelycepbcnlalod

297 3233 497 3322 scolpaqyiiri
515 3234 748 3321 orirjcbbdpyolc
763 3236 832 3300 locet
848 3235 960 3300 Zomtc
971 3227 1057 3301 ¹accit
1070 3237 1173 3303 bercol
1187 3237 1325 3324 appellen
1339 3238 1427 3306 iccio-

297 3353 340 3408 tet
354 3341 420 3429 loa,
443 3343 587 3430 melyeek
602 3343 867 3434 ceprehajtctedto
890 3347 984 3432 pyiiri
998 3346 1151 3432 kdptolon
1161 3345 1303 3410 eszklielc'.
1322 3347 1423 3412 1258.

410 3521 594 3604 Capitulum
610 3520 964 3591 Ecclesielleuriensis
982 3525 1142 3592 uniuersis
1174 3523 1294 3592 christi
1318 3523 1422 3592 lirleli·

298 3629 359 3694 bus
376 3633 543 3712 presentes
559 3627 687 3695 litterae
703 3629 899 3714 inspecturis
916 3632 1059 3698 salntem
1074 3631 1107 3697 in
1135 3637 1269 3699 auctore
1296 3631 1425 3700 salutis.

297 3733 590 3801 neminemnam
605 3735 759 3802 noticiam
774 3741 887 3804 tenore
907 3739 1114 3822 presencium
1130 3739 1280 3806 volumus
1305 3759 1421 3824 perue-

299 3841 389 3925 nire,
431 3841 517 3922 quod
546 3841 580 3906 in
611 3840 718 3910 medio
749 3842 1003 3928 quadragesime
1034 3841 1237 3910 Laureneius
1267 3844 1425 3912 Decanua

301 3953 334 4013 et
358 3946 519 4012 Martinus
550 3945 690 4014 Cerialis
722 3947 838 4016 (lomes
870 3950 1060 4018 Monasterii
1085 3951 1198 4018 Sancti
1223 3951 1356 4018 Martini
1380 3953 1425 4018 de

300 4055 402 4121 Sacro
434 4053 545 4119 Monte
575 4054 741 4124 Pannonio
765 4077 825 4143 pro
853 4058 986 4125 domino
1016 4059 1109 4125 Fauo
1135 4055 1274 4141 Abbate
1292 4065 1325 4126 et
1342 4057 1425 4126 Gon·

295 4167 397 4229 uentu
429 4161 541 4228 sancti
571 4161 705 4229 Martini
736 4162 776 4232 de
808 4166 912 4233 Sacro
942 4167 1052 4232 Monte
1083 4163 1253 4233 Pannonio
1285 4185 1326 4233 ex
1356 4184 1425 4232 vna
1559 4151 1560 4208 ἶ

298 4275 415 4354 porte;
454 4269 575 4352 Peleu,
612 4267 751 4353 Daniel,
782 4271 917 4358 Almus,
957 4273 1087 4357 Bohas,
1119 4273 1200 4342 loco
1234 4279 1270 4339 ct
1298 4272 1424 4360 Symun

300 4394 342 4442 ac
360 4374 418 4442 alii
463 4377 532 4444 eius
567 4375 812 4460 consanguinei,
840 4377 1034 4462 iobagiones
1067 4378 1191 4446 scilicet
1214 4379 1314 4445 castri
1353 4380 1427 4446 Zol-
1559 4443 1560 4454 ,

295 4499 421 4566 gsgeur
450 4483 484 4548 in
514 4483 596 4554 uilla
626 4481 728 4552 (iuter
758 4502 801 4550 ex
831 4487 938 4554 altera
962 4487 996 4552 in
1020 4493 1134 4556 nostra
1156 4485 1335 4565 existentes
1350 4507 1425 4575 pre-
