3140 5044
642 283 802 383 no„

161 481 235 540 sunt
250 481 336 542 mete
352 467 505 563 entique,¹
532 478 628 545 etsie
643 497 703 562 per
718 483 823 542 metes
848 476 1075 545 asscendcndo
1092 499 1149 572 per
1166 500 1280 546 nemus

159 583 310 664 peruenit
334 582 377 650 od
392 581 529 670 primum
553 593 683 670 metam,
700 591 733 651 ct
748 586 794 650 sic
809 592 894 651 mete
911 584 1054 652 eiusdem
1075 593 1160 654 terre
1176 591 1282 655 termi-

161 697 292 756 nentur.
309 692 351 757 Vt
367 698 477 758 autem
492 693 552 759 heo
568 701 682 790 nostra
698 691 837 760 donacio
854 693 952 761 robur
967 703 1124 781 perpetue
1136 695 1281 766 obtineat
1410 689 1413 698 '

161 793 337 884 firmitatis,
362 807 531 884 presentes
548 802 677 868 litteras
695 799 727 865 in
743 802 962 869 testimonium
978 801 1051 868 dori
1066 801 1212 889 fecimus,
1239 804 1282 872 si·

160 902 233 985 gilli
249 905 351 970 nostri
375 904 538 992 duppliois
563 909 740 975 munimine
759 908 940 976 roboratos.
958 909 1078 978 Datum
1092 929 1151 994 per
1165 929 1282 978 munus

149 1011 312 1096 'magistri
328 1013 501 1098 Smaragdi
517 1015 672 1082 Albensis
687 1016 839 1095 Ecclesie
851 1015 957 1082 illecti
967 1018 1045 1108 aule
1060 1014 1170 1084 nostre
1186 1017 1281 1083 Vice-

160 1119 349 1204 cunccllerij
377 1121 488 1189 dilecti
514 1127 546 1188 et
570 1122 677 1189 fidelis
702 1123 813 1190 nostri.
841 1115 937 1190 Anno
962 1123 1092 1190 Domini
1117 1121 1283 1192 M⁰cc⁰n⁰

158 1229 253 1294 sexto
264 1225 332 1292 Xl⁰
341 1228 505 1326 kalendas
520 1230 613 1318 Julij3
627 1231 732 1316 Regni
743 1237 853 1299 cutem
863 1231 966 1299 nostri
977 1250 1063 1298 enno
1074 1229 1279 1316 XX⁰primo

394 1395 434 1478 (A
447 1406 729 1480 Pocsonyktpteleni
742 1365 921 1467 levolttrbol.
931 1386 1052 1477 lim)

597 1589 845 1611 n—'o-——nn--u

695 1897 780 2010 ¹iso

158 2119 218 2186 IV.
236 2121 319 2186 Belo
331 2123 441 2208 kiroty
465 2122 737 2208 iometmoperisiti
752 2145 793 2186 au
808 2125 965 2188 cummisi
980 2147 1021 2188 se.
1036 2125 1168 2190 kereezto'
1182 2127 1280 2212 apcit-
1405 2209 1413 2222 ί

393 2229 515 2315 seposuit
530 2229 688 2315 Lepucmo
704 2239 783 2294 seuit
799 2229 945 2296 lirtotcte.
969 2233 1067 2295 1256.

264 2405 346 2474 Belo
355 2405 419 2472 Dei
434 2406 547 2490 gracie
574 2405 762 2492 Hnngarie,
787 2407 960 2473 Dalmecic
971 2455 981 2489 ,
1007 2408 1152 2492 Oroucie,
1167 2409 1281 2491 Rome,
1401 2388 1403 2396 ¹

158 2511 282 2596 Seruis,
301 2511 452 2596 Gallicis,
473 2510 685 2598 Lodomerie,
703 2513 924 2596 Onmunieque
939 2515 1010 2580 Rex
1027 2516 1190 2582 uniuersis
1208 2533 1280 2600 prc-

159 2629 271 2688 sentes
287 2620 412 2687 litteras
436 2621 633 2707 inspecturis
651 2623 793 2688 sulutem
808 2619 842 2686 in
858 2623 1003 2689 omnium
1019 2625 1205 2690 Seluetore.
1229 2621 1282 2688 Ad

160 2729 381 2794 uniuersorum
397 2735 464 2794 tem
481 2730 685 2813 presencium
703 2747 800 2812 quem
810 2728 986 2804 futurorum
998 2730 1153 2795 noticiam
1167 2729 1283 2794 herum

159 2835 244 2903 serie
258 2835 405 2901 uolumus
420 2835 605 2920 penuenire,
633 2836 721 2917 quod
740 2854 815 2899 cnm
832 2841 952 2900 stolum
964 2843 1144 2902 castrorum
1159 2841 1281 2901 nostro·

158 2961 228 3010 rum
244 2943 278 3008 in
294 2944 409 3026 Regno
434 2949 546 3009 nostro
573 2942 787 3009 existencium
806 2962 866 3026 per
882 2941 1035 3008 hostilem
1049 2942 1284 3009 Thcrturorum

158 3050 323 3116 introitum
334 3050 504 3118 confusum
514 3052 639 3134 pariter
650 3058 683 3116 et
700 3052 874 3134 turbatum,
885 3051 925 3132 ,in
941 3053 1035 3117 terris
1052 3057 1084 3116 et
1099 3049 1284 3116 hominibus

159 3177 180 3226 c
197 3156 315 3223 cestris
332 3155 485 3224 alienatis
505 3157 549 3224 ud
566 3157 682 3224 eudem
704 3157 899 3224 reuocandis
916 3157 1134 3224 noluissemus
1147 3165 1222 3241 post
1237 3157 1284 3241 ip·

158 3283 266 3332 sorum
282 3283 447 3331 recessum
472 3264 642 3358 relormeri
651 3313 660 3348 ,
686 3271 718 3330 et
734 3283 839 3349 super
855 3264 996 3348 quadum
1014 3273 1102 3330 terre
1116 3265 1208 3330 iuxta
1224 3261 1285 3328 fln-

158 3375 245 3440 vium
262 3373 346 3439 Seer
363 3374 533 3455 existente,
549 3393 613 3456 quo
630 3374 730 3440 Curia
746 3374 848 3458 Regis
872 3379 1020 3456 nocetur,
1036 3391 1171 3438 necnon
1187 3389 1285 3455 super

159 3484 432 3553 medietateterrc
443 3485 662 3569 Bissenornm,
681 3505 744 3568 qne
760 3486 953 3570 Legvontov
968 3490 1180 3570 nuncupatur,
1201 3503 1284 3566 quas

158 3592 264 3660 fidelis
281 3599 392 3659 noster
416 3594 530 3660 Abbas
555 3593 677 3660 Sancte
705 3593 818 3660 Crucis
836 3596 878 3661 de
894 3593 1026 3660 Austnio
1052 3593 1182 3659 nomine
1198 3591 1282 3658 eins·

159 3699 232 3766 dom
247 3700 396 3768 lloolesie
420 3721 462 3767 ex
478 3702 661 3770 donatione
688 3703 793 3787 Regio
821 3708 998 3786 tenuerat,
1025 3707 1140 3767 exorta
1167 3699 1285 3767 fuisset

159 3810 298 3876 materie
315 3809 507 3895 questionis,
523 3813 669 3895 tandem,
686 3813 764 3895 quie
781 3809 926 3877 constitit
944 3809 1036 3876 nobis
1051 3809 1217 3876 euidenter
1226 3829 1285 3894 per
1319 3849 1320 3853 =

158 3909 303 3984 nostrum
316 3916 524 4002 priuilegium
535 3925 612 3985 onte
623 3917 798 3986 aduentum
808 3912 1039 3986 Thortarorum
1054 3915 1165 3983 datum
1182 3925 1214 3984 et
1231 3918 1284 3984 ob·

158 4031 292 4110 tentum,
304 4025 445 4092 etcticm
461 4045 519 4110 per
529 4027 743 4093 instrumente
753 4034 934 4106 nostrorum
948 4025 1196 4110 progenitorum,
1213 4045 1285 4091 eus-

159 4133 233 4200 dem
249 4131 312 4197 sibi
333 4133 472 4199 collatas
498 4133 652 4200 haetenus
678 4135 841 4218 tenuisse,
874 4133 950 4198 aliis
975 4132 1170 4216 quibusdem
1189 4131 1285 4196 terris

159 4240 371 4332 castrinostri
383 4240 430 4306 ab
442 4240 514 4326 ipso
531 4231 704 4326 neuooctis,
722 4261 786 4325 que
801 4240 932 4307 fuerant
952 4246 1120 4331 occupete,
1135 4234 1284 4323 prolutas

158 4354 265 4414 terres
277 4361 352 4414 ¹oum
365 4347 512 4414 omnibus
524 4347 592 4415 suis
600 4349 811 4434 pertinenciis
827 4353 860 4417 et
872 4347 996 4416 iuribus
1006 4347 1094 4432 opud
1104 4341 1284 4428 predictum

158 4452 319 4522 Abbutem
331 4455 557 4534 ethlloclesiam
571 4455 691 4524 Sancte
702 4455 815 4542 Crucis
831 4453 981 4522 duximus
991 4457 1148 4539 perpetuo
1165 4447 1284 4516 etinc-

157 4565 374 4642 truotcbilitcr
384 4563 641 4654 relinquendum,
662 4565 930 4650 presenoinmque
940 4557 1133 4627 auctoritate
1148 4556 1211 4640 ipsi
1227 4556 1286 4619 lic·
