3154 5030
239 995 298 1062 IX.
315 992 448 1082 Gorpolp
460 996 553 1082 popa
569 1018 590 1060 o
605 951 777 1082 emprani
784 996 913 1086 pttopb'lc
929 999 960 1062 ds
974 996 1153 1083 commoti
1168 1006 1304 1090 apdtsdp

481 1101 565 1168 toas
579 1105 749 1191 appesodpet
758 1104 949 1191 ,deperderet
973 1106 1073 1170 1238.
1235 1139 1237 1143 v

314 1281 491 1368 Gregorius
516 1282 701 1367 Episcopus
728 1289 789 1351 etc.
816 1281 945 1351 dilectis
970 1282 1046 1351 liliis
1063 1333 1070 1350 .
1090 1333 1122 1350 ..
1149 1287 1271 1354 Abbati
1303 1297 1335 1355 et

207 1389 389 1460 Conventui
404 1391 597 1458 Monosterii
614 1391 727 1457 Sancti
744 1392 928 1459 Salvatoris
944 1391 986 1458 de
996 1392 1192 1478 Copornuoh
1202 1394 1334 1464 Ordinis

207 1499 322 1566 Sancti
337 1497 527 1580 Benedicti,
553 1496 807 1582 Vesprimiensis
832 1497 1003 1582 Diocesis,
1030 1502 1172 1568 salutem
1198 1509 1258 1570 etc.
1284 1505 1335 1571 Ea

208 1625 270 1691 que
296 1604 416 1672 iudicio
443 1607 496 1672 vel
522 1604 698 1672 concordia
724 1613 785 1673 etc.
818 1605 974 1674 Exhibite
991 1609 1149 1690 siquidem
1166 1613 1262 1680 nobis·
1278 1633 1332 1680 re-

207 1721 276 1782 stra
291 1713 406 1799 petitio
421 1710 628 1795 continebat,
646 1710 732 1795 quod
748 1729 821 1780 curn
836 1715 870 1779 in
888 1733 1008 1798 causa,
1037 1735 1100 1798 que
1117 1717 1275 1786 intervos
1292 1739 1334 1786 ex

206 1827 300 1908 parte
317 1839 401 1903 una,
419 1827 452 1886 et
467 1819 689 1886 venerabilem
706 1818 840 1887 tratrem
857 1828 1002 1890 nostrum
1028 1871 1035 1886 .
1064 1873 1071 1888 .
1101 1873 1107 1886 .
1134 1826 1332 1911 Episcopum

207 1925 483 2016 vesprimiensem
499 1947 542 1992 cx
558 1925 627 1993 alia
642 1945 740 2011 super
756 1947 795 1995 eo
811 1929 983 2010 videlicet,
1012 1933 1099 2012 quod
1126 1931 1231 1998 dictus
1257 1933 1333 2017 Epi-

206 2057 326 2124 scopus
342 2035 467 2124 iuribus
483 2035 727 2121 episcopalibus
742 2036 778 2102 in
793 2044 903 2104 vestro
913 2039 1112 2105 monasterio
1122 2060 1188 2106 non
1204 2049 1334 2108 conten-

206 2153 278 2231 tus,
305 2144 388 2212 illud
412 2142 636 2228 multipliciter
652 2145 879 2230 aggravabat,
909 2145 1098 2212 accedendo
1114 2148 1242 2214 scilieet
1257 2149 1334 2216 illuc
1426 2206 1432 2216 ,

207 2253 486 2339 quotienscunque
503 2250 635 2318 volebat
650 2251 684 2317 in
699 2271 785 2317 anno
803 2251 1002 2321 visitationis
1012 2253 1064 2321 vel
1081 2253 1205 2321 eliade
1222 2275 1332 2343 causa,

207 2369 240 2430 et
255 2361 413 2428 morando
429 2358 549 2427 ibidem
565 2358 599 2424 in
614 2360 718 2444 ipsius
743 2362 933 2428 monasterii
959 2363 1140 2448 sumptibus
1165 2384 1237 2430 eum
1262 2385 1332 2449 per-

207 2490 362 2541 sonarum
379 2476 413 2536 et
428 2463 634 2536 evectionum
649 2469 856 2536 multitudine
873 2469 1051 2556 effrenata,
1079 2471 1157 2536 item
1174 2473 1261 2555 qnod
1278 2491 1331 2538 ex-

205 2579 380 2664 torquebat
394 2599 415 2645 a
431 2576 525 2644 vobis
542 2577 713 2646 occasione
730 2577 929 2648 visitationis
947 2597 1065 2662 equum
1078 2578 1187 2646 et'alia
1197 2598 1332 2648 munera

206 2708 266 2776 pro
281 2706 339 2754 suo
354 2685 448 2754 libito
464 2685 662 2770 voluntatis,
682 2705 728 2780 ¹ac
752 2687 946 2770 quibusdam
971 2689 1047 2754 aliis
1064 2687 1210 2754 articulis
1227 2695 1332 2757 verte·

207 2797 317 2882 batur,
334 2794 489 2862 dilectum
504 2795 607 2861 tilium
624 2799 767 2861 nostrum
783 2795 817 2862 S.
835 2797 956 2864 Sancte
971 2796 1076 2864 Marie
1093 2797 1126 2862 in
1143 2797 1332 2864 Transtibe-

205 2907 265 2972 rim
282 2902 505 2971 Presbiterum
521 2899 732 2970 cardinalem
749 2901 819 2984 tibi,
835 2903 881 2968 fili
897 2903 1030 2989 Abbas,
1048 2910 1115 2980 tam
1133 2911 1208 2988 tuo,
1235 2923 1333 2988 quam

206 3018 326 3098 vestro,
342 3011 402 3080 filii
417 3011 613 3096 Conventus,
630 3010 777 3095 nomine,
793 3031 834 3078 ae
851 3012 1049 3078 Sebastiano
1064 3011 1233 3081 Oanonico
1250 3011 1332 3078 Ves-

205 3120 372 3207 primiensi
396 3119 600 3207 procuratori
625 3119 704 3186 dicti
727 3120 884 3205 Episcopi
903 3122 991 3205 apud
1017 3118 1137 3186 Sedem
1163 3119 1333 3206 Apostoli-

207 3247 278 3296 cam
295 3229 478 3296 constitutis
495 3227 750 3296 concesserimus
767 3226 960 3308 auditorem,
976 3225 1110 3292 taudem
1128 3227 1245 3293 eodem
1255 3225 1332 3292 (lar-

206 3333 318 3404 dinale
343 3335 507 3404 mediante
532 3335 717 3404 amicabilis
742 3335 827 3401 inter
854 3341 966 3419 partes
983 3333 1177 3418 compositio
1193 3335 1331 3400 interve-

206 3445 274 3526 nit,
300 3448 395 3530 prout
409 3446 444 3511 in
459 3443 564 3530 ipsius
582 3443 740 3512 conlectis
757 3461 858 3528 super
874 3442 937 3506 hoc
952 3440 1069 3508 litteris
1086 3442 1215 3527 plenius
1232 3443 1332 3508 eonti-

206 3559 310 3638 netur,
327 3571 424 3638 quarn
433 3553 624 3640 Apostolioo
639 3549 805 3637 petivistis
821 3549 998 3616 munimine
1014 3548 1169 3616 roborari.
1186 3551 1256 3617 Nos
1273 3550 1331 3636 igi·

207 3667 262 3754 tur
273 3663 393 3731 vestris
408 3661 502 3730 iustis
518 3659 794 3748 postulationibus
810 3664 905 3744 grato
932 3665 1161 3726 concurrentes
1181 3677 1329 3744 assensu,

207 3770 480 3858 compositionem
496 3754 727 3856 ipsamratam
743 3769 903 3834 habentes
920 3773 954 3832 et
969 3765 1102 3852 firmam,
1118 3767 1208 3832 illam
1220 3773 1330 3833 aucto-

206 3878 305 3945 ritate
320 3877 512 3962 Apostolica
528 3877 771 3963 confirmamus,
789 3884 822 3943 et
840 3876 1003 3961 presentis
1017 3873 1132 3962 scripti
1147 3875 1329 3961 patrocinio

206 3985 452 4054 communimus.
470 3987 561 4053 Nulli
579 4004 656 4070 ergo
674 3993 735 4052 etc.
752 3992 864 4052 nostre
882 3981 1119 4052 confimationis
1132 3989 1192 4049 etc.
1211 3983 1330 4067 Siquis

206 4101 315 4161 autem
332 4099 394 4161 etc.
411 4095 531 4160 Datum
547 4093 703 4160 Laterani
720 4091 791 4158 XV.
802 4091 870 4160 kal.
887 4082 986 4177 Junii,
1002 4089 1214 4160 Pontificatus
1230 4090 1330 4157 nostri
1385 4093 1388 4100 '

206 4221 293 4270 anno
310 4200 513 4270 duodecimo.

295 4376 360 4435 (IX.
373 4377 500 4453 Gorgely
513 4377 590 4452 pdpa
602 4376 798 4450 Regesldibol,
810 4377 936 4435 Thsiner
948 4377 986 4435 id.
999 4395 1035 4436 m.
1048 4376 1070 4434 1.
1083 4375 1110 4430 lr.
1126 4373 1188 4430 lou.
1201 4373 1234 4446 l.)

640 4659 905 4672 Ἣ
