3154 5038
738 126 887 226 ,5-5-

256 327 407 416 graciose
441 320 663 393 benivolentie
697 319 785 405 apud
819 319 939 386 Sedorn
973 319 1196 403 apostolicam
1226 319 1386 403 gaudeas

257 435 444 519 invenisse,
467 433 532 510 tuis
558 436 589 496 et
613 427 814 497 venerabilis
838 426 949 493 fratris
973 425 1077 492 nostri
1109 471 1151 492 ..
1177 476 1183 490 .
1219 427 1386 512 Episcopi

258 541 463 626 Prenestini,
487 540 579 606 cuius
604 555 707 619 nepos
733 530 867 620 existis,
888 533 1185 618 supplicationibus
1210 532 1382 614 inclinati,

260 650 435 718 ecclesiam
461 649 607 732 ipsama
631 643 700 710 iure
725 640 955 710 Archidiaconi
972 641 1053 716 loci,
1084 639 1171 724 quod
1201 643 1392 707 valentiam

259 758 354 827 nnius
371 755 502 824 marche
517 751 644 838 argenti
659 751 754 820 annis
771 749 931 835 singulis,
947 755 983 815 nt
999 749 1175 832 asseritur,
1202 769 1267 816 non
1285 768 1388 814 exoa·

259 863 316 948 dit,
334 865 486 948 quodque
502 861 565 928 sibi
579 859 707 926 ratione
723 857 919 924 visitationis
935 858 1006 924 sive
1017 855 1233 922 cathedratici
1261 856 1387 922 debea-

254 980 313 1064 'tur
321 969 622 1054 ineaauctoritate
630 967 828 1052 presentium
839 971 997 1066 perpetuo
1008 964 1157 1030 duximus
1170 961 1392 1046 eximendam,
1514 1019 1515 1022 ,

260 1079 440 1146 Diocesani
456 1077 611 1163 Episcopi
627 1077 697 1149 iure
712 1075 814 1142 salvo.
832 1073 922 1139 Nulli
938 1080 1000 1138 eto.
1026 1079 1138 1140 nostre
1164 1072 1390 1154 exemptionis
1515 1106 1516 1109 =

262 1193 324 1250 etc.
348 1185 468 1250 Datum
495 1185 650 1250 Laterani
674 1180 729 1248 ΙΙΙ.
755 1183 830 1248 Κ51.
862 1181 984 1266 Aprilis
1010 1179 1238 1266 (Pontificatus
1263 1175 1392 1264 nostri)

262 1292 342 1398 mi
357 1293 512 1358 secundo.

372 1483 433 1556 (IV.
446 1483 557 1566 Sandor
566 1483 642 1557 pdpa
651 1439 839 1556 Regesttlibdl
853 1483 981 1540 Γ11151555
992 1483 1029 1540 id.
1041 1499 1077 1538 m.
1090 1483 1113 1540 1.
1132 1484 1159 1538 lr.
1173 1451 1281 1554 235.1,)

719 1801 936 1814 ——nn-——u—

698 2157 700 2164 ’
790 2207 867 2284 rea.

266 2391 289 2462 1
297 2393 332 2462 V.
348 2356 477 2459 Socdor
485 2389 579 2476 pdpo
594 2409 615 2450 a
632 2387 863 2474 pcomocbolmi
879 2389 1077 2476 apdledpboo
1100 2351 1395 2474 ojtotockoddleoalc

402 2519 457 2584 epp
473 2493 626 2560 5551551151
641 2497 672 2558 to
687 2496 905 2580 coppoenpcpi
920 2495 1026 2560 555551
1043 2497 1148 2582 55553.
1167 2497 1265 2576 1256.
1304 2539 1307 2545 ,

375 2671 564 2743 Alexander
585 2672 767 2758 Episcopus
789 2665 1078 2768 serunsseru'orum
1090 2674 1151 2741 Dei
1172 2678 1298 2746 dilectis
1316 2679 1393 2748 liliis

270 2781 454 2852 ...Abbati
466 2787 499 2848 et
515 2781 694 2848 Conuenlui
709 2779 901 2849 Monosterii
918 2779 1180 2870 Ι5555511555ιὶ
1196 2803 1296 2870 supra
1306 2789 1391 2854 Pan·

269 2884 401 2956 neniam
417 2887 460 2953 ad
476 2890 656 2952 Romanam
673 2886 858 2954 Ecclesiam
873 2887 962 2968 nullo
977 2889 1084 2957 medio
1109 2893 1304 2975 pertinentis
1331 2893 1391 2960 Or-

270 2995 359 3066 dinis
370 2995 487 3062 Sancti
496 2993 666 3061 Benedicti
680 2981 867 3060 turriensis
881 2993 1032 3062 Diooesis
1046 2989 1186 3070 ,salutem
1204 3006 1237 3065 et
1252 3002 1390 3085 Aposto-

270 3103 368 3170 licam
385 3099 655 3176 benedictionem.
680 3089 979 3187 Diuinaoapientia
989 3101 1131 3170 rationis¹
1147 3124 1207 3172 sue
1218 3107 1293 3189 lege
1309 3107 1391 3171 551-

269 3209 376 3296 1151151
393 3215 543 3280 creature
558 3227 579 3274 a
595 3227 631 3276 55
647 3207 778 3275 condite
794 3210 866 3276 iura
883 3208 1081 3295 disponens,
1114 3213 1389 3296 quemadmodum

270 3311 457 3404 preminens
469 3319 572 3383 55155
582 3315 745 3383 sideribus
755 3321 848 3381 ornat
865 3321 897 3381 et
913 3317 1095 3384 subiectam
1111 3325 1269 3386 terrarum
1284 3321 1391 3387 latitu-

271 3443 346 3490 nem
362 3423 512 3489 vernanti
528 3441 633 3489 rerum
650 3423 810 3489 varietate
826 3421 982 3508 depingit,
999 3424 1047 3490 ita
1068 3425 1244 3495 circulares
1268 3433 1390 3512 tempo·
1516 3475 1517 3512 3

270 3548 342 3596 rum
358 3547 471 3596 cursus
489 3529 590 3604 voluit
606 3527 731 3595 dierum
748 3530 972 3596 interiectione
989 3529 1164 3600 celebrium
1189 3534 1329 3614 variari,
1356 3545 1391 3604 ut

272 3635 416 3702 fidelium
432 3636 571 3722 deuotio,
596 3638 708 3722 55515
725 3636 893 3706 cotidiana
910 3639 1035 3706 iustitie
1052 3641 1209 3726 torpescit
1224 3643 1391 3729 instantia,

272 3740 348 3808 dum
364 3744 557 3828 interposita
581 3752 766 3812 sanctorum
782 3745 965 3829 solempnia
980 3747 1092 3815 studet
1113 3755 1188 3816 voto
1213 3752 1324 3818 reduci
1340 3771 1390 3820 ce·
1516 3791 1517 3850 3

272 3849 411 3933 lebrare,
427 3851 572 3942 ipsorum
588 3852 746 3936 exemplis
762 3851 805 3920 ad
820 3853 954 3938 pietatis
980 3854 1147 3924 desideria
1171 3859 1332 3941 virescat,
1358 3867 1392 3928 51
1516 3897 1517 3934 1

274 3954 331 4038 551
346 3973 482 4044 corpore
497 3958 764 4042 pereminautur,
789 3961 915 4030 abillis
933 3963 1053 4033 eternis
1073 3983 1182 4033 eorum
1210 3967 1392 4036 festinitati-
1516 3953 1517 3998 l

272 4062 335 4130 bus
351 4069 385 4130 et
399 4063 529 4146 gaudiis
544 4098 590 4114 -
604 4101 649 4114 -
663 4103 708 4114 -—
724 4075 757 4136 et
772 4077 896 4136 morum
913 4070 1125 4156 similitudine
1139 4076 1284 4156 gestiant
1298 4077 1391 4162 apiri-

273 4171 405 4240 tualiter
420 4172 590 4239 interesse.
613 4174 666 4240 Ad
690 4174 752 4242 hoc
777 4183 886 4244 autern
902 4199 967 4249 non
983 4181 1086 4248 solum
1111 4179 1393 4254 exhortationibus

275 4275 501 4348 admonendus
517 4286 568 4349 est
583 4283 646 4350 Dei
662 4285 813 4368 populus,
831 4305 942 4360 verum
959 4288 1057 4355 etiam
1082 4287 1299 4374 spiritualium
1323 4313 1391 4358 nru-

276 4398 387 4448 nerum
404 4387 632 4472 largitionibus
643 4391 854 4477 inducendus,
871 4403 906 4460 ut
915 4395 959 4462 ad
975 4415 1068 4480 spem
1079 4403 1264 4464 eternorum
1274 4399 1392 4468 saltem
