3220 5058
665 285 830 390 ...⁸.1..„

187 481 265 548 inde
280 481 448 549 monachis
464 490 495 548 et
513 482 682 548 conuersis
696 501 755 568 per
770 481 960 556 uiolentiam
980 483 1144 570 spoliauit,
1169 500 1305 568 prouen-

187 594 240 653 tus
257 587 327 656 eius
343 590 376 656 in
391 609 469 658 usus
484 590 632 677 proprios
649 589 891 671 conuertenda..
907 589 993 670 Quia
1019 609 1098 657 uero
1122 589 1218 657 nobis
1241 607 1307 654 non

188 697 334 764 constitit
342 697 382 764 de
392 697 571 785 premissis,
588 698 780 766 discretioni
795 705 905 766 uestra
915 716 974 782 per
982 697 1175 785 Apostolica
1184 695 1306 780 scripta

187 801 377 871 mandamus
385 855 395 890 ‚
412 806 568 890 quatinus
584 806 729 873 euocatis
746 807 802 890 qui
818 806 937 873 suerint
952 805 1121 891 enecandi,
1138 809 1171 871 et
1187 801 1306 870 auditis

187 945 232 956 —
247 946 291 957 -
305 913 498 999 propositis,
524 913 611 998 quod
626 915 744 982 iustum
762 913 868 1000 tuerit,
886 913 1107 1000 appellatione
1122 910 1306 1002 postposita

187 1019 350 1105 statuatis,
367 1020 525 1088 iacientes
541 1022 628 1106 quod
645 1020 856 1090 decreueritis
872 1021 1064 1090 anctoritate
1080 1027 1192 1088 nostra
1205 1018 1304 1084 tirmi-

186 1131 237 1191 ter
261 1128 440 1195 obseruari.
465 1125 559 1206 Quod
575 1130 604 1198 si
618 1149 685 1198 non
702 1149 814 1198 omnes
829 1130 895 1216 hijs
911 1127 1111 1213 exequendis
1135 1125 1305 1214 potueritis

185 1232 363 1318 interesse,
388 1234 452 1304 duo
478 1245 620 1306 uestrum
638 1259 679 1306 ea
695 1239 922 1306 nichilominus
939 1241 1153 1321 exequantur.
1185 1233 1305 1300 Datum

187 1340 324 1429 Viterbij
351 1344 422 1413 XV.
438 1345 505 1412 kal.
531 1345 734 1414 Decembris.
760 1345 970 1416 Pontificatus
986 1345 1090 1415 nostri
1105 1362 1192 1410 anno
1207 1362 1303 1410 nono.

351 1519 496 1591 (Eredstie
508 1539 526 1577 s
537 1507 752 1580 czsncnt'rtont
765 1521 917 1597 ltapitsig
929 1519 1149 1592 laeditis-ibon.)

623 1781 870 1792 *nm——

183 2301 242 2366 IX.
256 2257 494 2390 Gcrpeiypdpo
508 2297 795 2388 kinyilatkoztctq'a,
805 2299 883 2390 itopy
893 2323 932 2368 ae
941 2303 1122 2392 mztorpanm'
1134 2301 1255 2370 cresim
1264 2323 1303 2368 aa

182 2411 317 2496 apostoli
339 2410 410 2476 ezelo
434 2407 563 2474 kalonis
581 2431 743 2498 peronaeo
768 2409 874 2475 aaut
891 2431 930 2474 oz
946 2409 1076 2498 epylcizi
1090 2409 1220 2476 tizam
1233 2431 1303 2475 uero

540 2515 819 2586 lamentatrices.
844 2519 943 2584 1235.

290 2694 466 2780 Gregorius
491 2695 674 2783 Episcopus
699 2703 762 2763 etc.
788 2695 967 2776 venerabili
991 2694 1107 2762 fratri.
1125 2745 1134 2762 .
1152 2745 1160 2762 .
1176 2695 1300 2783 Strigo-

181 2803 553 2890 niensiArchiepiscopo
563 2807 700 2871 salutem
716 2811 778 2872 etc.
794 2804 908 2871 Fidem
923 2811 957 2872 et
973 2805 1192 2890 devotionem,
1203 2825 1300 2888 quam

183 2913 226 2980 ad
241 2933 415 2998 personam
431 2919 577 2979 nostram
603 2918 635 2978 et
652 2913 904 2981 Sacrosanctam
921 2913 1105 2980 Ecclesiam
1121 2914 1299 2980 Romanam

181 3027 317 3086 matrem
333 3027 422 3086 tuum
438 3019 559 3087 habere
576 3019 769 3104 dinosceris,
785 3021 1004 3107 attendentes,
1014 3019 1079 3088 tuis
1090 3019 1217 3088 deuotis
1227 3040 1299 3104 pre·

182 3129 283 3214 cibus,
299 3135 453 3212 quantum
469 3147 540 3195 cum
557 3127 696 3196 Domino
712 3136 746 3196 et
760 3129 932 3199 honestate
948 3149 1132 3216 possumus,
1149 3125 1311 3193 duximus

181 3237 354 3321 benignius
374 3237 593 3305 annuendum.
619 3237 700 3304 Inde
725 3245 794 3324 est,
819 3240 906 3323 quod
921 3257 979 3305 nos
996 3236 1076 3304 etati
1091 3243 1147 3302 tte
1162 3239 1300 3318 paterno

181 3340 416 3428 compatientes
431 3343 563 3427 affectu,
579 3363 621 3412 ne
637 3346 709 3429 quis
726 3347 759 3411 in
774 3365 949 3431 personam
966 3352 1055 3412 tuam
1072 3343 1144 3410 sinc
1161 3337 1301 3424 speciali

181 3449 336 3517 mandato
351 3459 482 3536 nostro,
506 3461 615 3538 preter
631 3455 792 3538 Legatum
807 3475 828 3520 a
842 3457 955 3519 nostro
970 3452 1072 3518 latere
1089 3447 1300 3531 destinatum,

182 3561 523 3628 excommunicationis
548 3563 602 3629 vel
628 3561 854 3646 suspensionis
880 3559 1074 3625 sententiam
1097 3557 1209 3625 valeat
1222 3575 1299 3642 pro-

181 3667 346 3750 mulgare,
364 3667 558 3734 auctoritate
574 3669 634 3734 tibi
649 3667 847 3752 presentium
864 3665 1077 3753 indulgemus.
1109 3663 1200 3733 Nulli
1218 3683 1296 3748 ergo

182 3779 244 3840 ete.
261 3777 372 3839 nostre
387 3774 611 3866 concessionis
627 3781 689 3842 etc.
704 3775 741 3844 si
757 3775 828 3860 quis
845 3781 954 3844 autem
970 3781 1030 3841 ete.
1058 3775 1178 3840 Datum
1194 3771 1296 3839 Vitor-

180 3881 226 3948 bii
243 3879 318 3952 ΧΠ,
335 3881 403 3948 kal.
419 3881 619 3950 Decembris.
639 3877 864 3970 (Pontificatus
879 3877 995 3969 nostri)
1009 3901 1095 3949 anno
1111 3901 1207 3949 nono.

260 4075 324 4148 (lX.
339 4073 468 4149 Gergely
480 4073 555 4150 pipo
566 4073 751 4150 Regestiibol
762 4077 888 4135 'l'heiner
900 4076 939 4135 id.
952 4093 988 4134 m.
1003 4075 1025 4133 1.
1037 4077 1097 4134 lot.
1111 4077 1173 4136 189.
1183 4077 1216 4152 l.)

611 4301 854 4315 *η*-
