3154 5030
223 949 225 956 ,
296 875 353 944 lx.
371 876 506 967 Gerqely
517 881 608 972 pdpu
625 902 664 946 oe
679 839 805 970 erdays’
818 883 904 970 cpyb.
919 865 1081 974 cocytum
1089 885 1194 972 selred
1214 887 1331 956 olmetss'

304 981 307 991 '
381 1093 383 1096 Ι
515 989 652 1076 opdtcdp
665 987 804 1076 optem
818 989 1005 1059 t'rrtdaltedt‘lc.
1023 981 1121 1061 1238.
1329 1023 1333 1030 ’

355 1165 533 1252 Gregorius
542 1166 727 1256 Episcopus
743 1174 777 1237 et
791 1167 920 1238 dilectis
935 1170 1012 1240 tiliis
1028 1221 1036 1237 .
1053 1221 1060 1236 .
1078 1223 1086 1240 .
1101 1173 1142 1241 de
1153 1175 1253 1244 Oubis
1263 1181 1296 1242 et
1311 1223 1320 1242 .
1338 1225 1346 1240 .
1365 1225 1373 1241 .

248 1275 363 1344 Sancti
378 1274 518 1343 loannis
533 1276 717 1346 Abbatibus
732 1277 958 1350 Waradiensis
975 1287 1008 1347 et
1023 1263 1247 1352 Ultrasilranc
1258 1283 1373 1352 Dioce

248 1385 342 1468 sium,
361 1389 395 1449 et
412 1431 420 1448 .
438 1431 446 1448 .
464 1435 470 1450 .
487 1383 657 1470 Proposito
673 1383 904 1482 waradiensi,
931 1391 1070 1458 alutem
1086 1397 1147 1459 etc.
1167 1391 1374 1460 Lacrimabi-

248 1490 314 1558 lem
330 1489 523 1560 dilectorum
542 1489 679 1560 tiliorum
695 1493 837 1564 Abbatis
854 1495 1040 1566 Conventus
1055 1497 1246 1567 llonastcrii
1261 1498 1301 1568 de
1317 1497 1372 1565 Al·

181 1591 184 1596 ’
247 1619 320 1668 mas
336 1597 467 1668 Ordinis
481 1599 598 1667 Sancti
613 1597 787 1670 Benedicti
803 1601 1029 1673 Ultrasilrauc
1054 1605 1225 1690 Diocesis,
1250 1607 1373 1692 re'eepi·

247 1727 318 1778 mus
343 1709 566 1792 questionem,
589 1710 680 1794 quod
704 1711 825 1782 nobilis
849 1713 900 1782 vir
924 1714 1101 1786 Ladislaus
1124 1713 1229 1784 dictus
1255 1716 1373 1792 Comes

248 1817 393 1886 eiusdem
409 1817 581 1905 Dionesis,
606 1819 735 1888 abiecto
759 1809 824 1888 Dei
848 1823 965 1891 timore
989 1825 1023 1890 iu
1048 1823 1131 1892 illud
1157 1824 1318 1892 hostiliter
1331 1825 1374 1891 ir·

247 1947 365 2014 ruens,
389 1929 472 2014 ipsis
496 1927 614 1996 exinde
638 1949 703 1996 nou
728 1931 855 2014 absque
871 1932 1045 2000 iniectione
1062 1953 1213 2001 manuum
1229 1933 1374 2000 violenta

173 2069 176 2076 ¹
248 2056 333 2106 ausu
348 2038 512 2124 sacrilego
521 2035 711 2124 profligatis,
724 2039 827 2126 primo
838 2042 996 2126 quosdam
1010 2040 1141 2109 Ordinis
1153 2041 1374 2108 Premonstra·

248 2148 351 2215 tensis
362 2135 557 2231 canonicos,
569 2147 624 2230 qui
635 2146 722 2215 bona
739 2147 818 2216 dicti
834 2151 1026 2218 monasterii
1040 2149 1227 2236 dilapidare
1242 2168 1284 2216 ac
1299 2167 1373 2214 con·

249 2273 379 2348 sumere
402 2255 617 2342 prodigaliter
639 2277 699 2344 pro
723 2259 985 2326 suerolnntatis
1011 2257 1146 2324 arbitrio
1166 2275 1372 2342 presumpse-

248 2373 332 2450 runt,
344 2385 383 2432 ec
393 2365 511 2432 denum
527 2365 701 2434 (lenonicia
717 2366 798 2452 ipsis
815 2385 873 2451 pro
889 2367 1005 2435 maiori
1020 2371 1114 2451 parte
1130 2365 1205 2432 inde
1220 2365 1374 2434 receden-

249 2473 354 2560 tibus,
380 2474 538 2559 quosdam
562 2476 740 2560 girovagos
766 2482 799 2543 et
823 2475 983 2560 quosdam
1004 2475 1195 2570 capellanos
1212 2493 1308 2560 suos,
1333 2493 1375 2540 ac

215 2605 218 2612 ·
250 2583 335 2652 alios
349 2589 423 2670 post
438 2570 751 2669 appellationem'ad
768 2583 1071 2671 nosinterpositam
1088 2583 1273 2650 temeritate
1299 2600 1374 2666 pro·

248 2692 323 2778 pria
338 2689 469 2759 intrusit
484 2689 602 2758 ibidem
618 2693 652 2759 in
667 2693 811 2778 ipsorum
827 2681 1004 2760 maximum
1023 2691 1235 2780 preludioium
1251 2697 1284 2754 et
1299 2709 1374 2774 gra-
1396 2713 1402 2722 ·

248 2817 378 2884 samen,
394 2799 448 2884 qui
464 2801 626 2885 prelatum
641 2801 874 2868 monasterium
889 2799 1035 2869 detinent
1045 2819 1104 2888 per
1114 2796 1303 2866 ‘violentiam
1319 2816 1372 2863 oc-

250 2918 411 2996 cupatum.
436 2909 547 2988 Quare
562 2929 585 2975 a
599 2909 694 2995 nobis
709 2908 873 2976 humiliter
888 2909 1112 2998 postulabant,
1129 2913 1165 2973 ut
1181 2905 1246 2991 ipsi
1262 2904 1370 2991 provi·

249 3019 399 3090 deremus
415 3016 669 3086 misericorditer
684 3019 718 3084 in
733 3015 797 3086 bac
812 3023 914 3103 psrte.
947 3015 1032 3096 Quia
1046 3035 1123 3084 vero
1139 3013 1221 3094 bec,
1247 3015 1276 3081 si
1292 3033 1372 3110 uera

249 3135 323 3198 sunt
332 3143 348 3214 ,¹
359 3127 606 3196 conniventibus
622 3127 725 3194 oculis
741 3125 942 3212 pertransire
958 3143 1019 3191 uec
1034 3123 1206 3206 volumus,
1232 3141 1293 3189 neo
1313 3113 1373 3186 ¹de

247 3221 362 3304 bernus
371 3287 381 3323 ,
398 3235 610 3318 mandemus,
630 3241 790 3318 quatenus
806 3233 835 3300 si
851 3238 902 3300 est
917 3233 984 3316 ita,
1000 3231 1130 3298 Abbate
1147 3249 1187 3296 ac
1202 3225 1371 3296 monacbis

248 3347 425 3415 antedictis
440 3345 486 3413 ad
501 3351 715 3412 memoratum
731 3341 974 3423 monasterium,
991 3339 1109 3407 amotis
1125 3339 1168 3406 ab
1184 3357 1225 3405 oo
1239 3335 1373 3405 intrusis

248 3453 360 3522 taliter
376 3455 405 3520 si
422 3453 478 3536 qui
492 3453 624 3537 luerint,
640 3453 787 3538 plenarie
803 3451 963 3518 restitutis
978 3455 1012 3515 et
1027 3449 1163 3532 vocatis,
1181 3465 1262 3530 quos
1281 3441 1372 3511 vide·

248 3563 320 3630 ritis
335 3557 532 3645 evocandos,
549 3555 703 3647 audiatis,
720 3561 749 3628 si
764 3558 842 3644 quid
856 3556 1052 3628 remanserit
1067 3553 1264 3643 questionis,
1290 3557 1322 3618 et
1345 3552 1375 3618 si

251 3669 293 3738 de
308 3669 451 3758 partium
466 3670 633 3735 voluntate
649 3669 863 3754 processerit,
889 3685 1024 3734 cansam
1049 3663 1112 3729 line
1137 3660 1248 3727 debito
1265 3659 1373 3727 termi-

250 3778 336 3847 netis
346 3775 507 3844 facientes
517 3783 579 3844 etc.
594 3777 747 3858 Alioquin
763 3777 869 3860 ipsam
883 3775 927 3841 ad
942 3795 1003 3841 nos
1018 3771 1192 3840 remittatis
1209 3766 1373 3836 sufficien-

250 3891 301 3950 ter
326 3884 536 3969 instructam,
563 3882 750 3970 prefigendo
774 3882 921 3968 partibus
937 3882 1109 3949 terminum
1125 3881 1373 3964 competentem,

250 4011 315 4078 quo
331 4011 392 4078 per
408 4011 444 4059 se
460 3993 513 4060 rel
526 3998 758 4078 procuratores
774 3991 909 4058 idoneos
925 3999 1037 4060 nostro
1063 4007 1100 4056 se
1119 3984 1309 4070 conspectui
1324 4001 1374 4057 ree

250 4105 442 4188 presentent
456 4099 577 4166 iustam
594 4099 694 4167 dante
710 4099 848 4168 Domino
864 4097 1060 4167 sententiam
1083 4099 1261 4181 recepture.
1292 4089 1373 4158 Illos

250 4215 378 4292 summ,
395 4225 476 4290 quos
492 4205 587 4274 robis
603 4206 783 4276 constiterit
799 4207 832 4273 in
847 4207 1046 4295 prescriptos
1060 4203 1238 4271 monachos
1254 4217 1373 4268 manus

249 4315 423 4402 iniecisse,
440 4315 502 4382 Dei
519 4315 635 4385 timore
650 4317 833 4404 postposito
841 4367 851 4404 ,
869 4316 1053 4385 temeritate
1068 4313 1229 4398 violenta,
1244 4306 1374 4376 tamdiu

250 4429 325 4510 etc.;
350 4421 455 4494 donec
478 4423 560 4510 ipsis
586 4431 619 4494 et
643 4426 858 4512 monasterio,
883 4426 918 4492 in
943 4423 1033 4490 cuius
1053 4421 1201 4488 iniuriam
1218 4423 1373 4502 suntque

249 4533 457 4624 premisimus
473 4539 685 4622 attemptata,
710 4534 930 4602 satisfecerint
946 4535 1168 4616 competenter
1183 4534 1244 4595 ete.
1277 4525 1372 4620 Oete·
