3140 5044
691 931 798 1020 rsa⁴

166 1162 197 1229 Α
213 1167 304 1253 pydn'
320 1165 477 1250 inpactos
492 1127 619 1254 Οὴξράαι
632 1178 714 1234 ncott
733 1166 900 1254 pctblendi
922 1167 1131 1234 cominente
1147 1161 1191 1231 bii
1205 1164 1285 1232 caol-

313 1272 503 1361 potamicus
509 1264 688 1361 jutolmdal
701 1273 863 1340 azabaddd
878 1270 1027 1363 bonsdtjo.
1044 1275 1142 1341 1250.

275 1487 458 1573 Capitulum
485 1487 637 1556 Ecclesie
652 1489 853 1558 fisariensis
870 1489 1032 1557 universis
1048 1495 1219 1574 presentes
1234 1488 1285 1556 lit

172 1601 260 1662 taras
276 1595 473 1681 inspecturis
488 1597 629 1663 salntem
645 1597 680 1663 in
695 1617 756 1682 ec,
779 1597 837 1680 ‘qni
852 1615 911 1664 suo
926 1599 1065 1683 snguine
1081 1616 1158 1664 snos
1175 1617 1196 1662 a
1211 1615 1281 1684 per·

168 1710 268 1787 patna
292 1704 451 1770 seruitute
475 1702 638 1772 liberauit.
665 1703 842 1788 Postquain
857 1723 960 1789 genus
976 1703 1152 1772 humanum
1168 1723 1189 1769 a
1204 1723 1283 1789 gan*

166 1809 231 1895 dijs
255 1811 404 1896 paradisi
429 1814 601 1898 expulsum
625 1812 659 1880 in
674 1811 772 1881 istam
796 1813 1098 1900 pancgrmscionem
1122 1811 1285 1898 presentis

165 1918 232 1984 vite
249 1919 393 2002 veniens,
411 1939 468 1990 cor
484 1919 612 1988 babens
637 1928 753 1988 cacum
763 1927 796 1988 at
813 1921 1024 2007 asplendore
1039 1919 1186 1988 veritatis
1202 1919 1284 1985 alie-

167 2045 253 2106 num,
269 2024 347 2093 dnm
363 2046 422 2095 sno
433 2027 567 2096 ducitur
582 2027 716 2097 arbitrio
734 2035 766 2095 et
781 2029 902 2094 Diuino
918 2033 1010 2096 caret
1035 2025 1182 2112 consilio,
1199 2027 1232 2092 in
1247 2045 1284 2093 ss

166 2136 238 2220 ipso
254 2154 318 2200 non
334 2139 444 2222 potest
460 2137 649 2221 consistere,
682 2135 743 2204 sed
758 2153 817 2222 per
832 2133 960 2202 infinita
976 2133 1210 2204 distrahiturct
1222 2133 1286 2200 dis·-

165 2241 282 2326 currit,
305 2248 338 2308 et
353 2241 429 2330 dom
445 2243 549 2329 rarijs
565 2243 772 2326 questionum
787 2243 972 2310 noxibusse
982 2241 1111 2326 imcrgit
1120 2291 1129 2325 ‚
1154 2240 1284 2308 vanitas

165 2349 272 2434 ipsum
287 2343 413 2435 recipit,
430 2350 604 2436 euriositas
615 2340 768 2434 deducit,
793 2348 956 2434 cupiditas
983 2349 1107 2430 allicit,
1131 2347 1284 2432 voluptas

165 2453 312 2540 seducit,
334 2463 467 2540 torquet
480 2455 618 2542 inuidia,
642 2457 753 2525 turbat
776 2455 1116 2540 iracundia,·crueiat
1132 2453 1301 2536 tristicia„

166 2563 278 2646 sicque
302 2563 652 2632 misserrimiseasibus
677 2565 856 2632 inuolutam
871 2564 1075 2646 libertatem,
1106 2567 1204 2645 quarn
1220 2559 1285 2628 sibi

165 2671 305 2754 genitrix
337 2679 456 2739 natura
476 2673 668 2756 contulerat,
694 2659 960 2749 sanccione'iuris
985 2673 1133 2755 gencium
1150 2669 1286 2740 misera.

166 2777 275 2846 bilitar
300 2778 443 2863 perdidit
467 2785 500 2845 at
515 2779 650 2846 inseruit
659 2827 668 2862 ,
693 2777 737 2845 ad
752 2777 884 2845 foueam
900 2777 934 2843 in
950 2778 1001 2844 sui
1015 2777 1190 2862 perniciem
1204 2776 1284 2843 inci-

165 2887 231 2964 dit,
253 2907 349 2970 qaam
365 2889 504 2974 para-uit.
525 2887 704 2956 Salubriter
719 2887 819 2968 igitur
835 2907 856 2952 a
872 2885 1074 2972 sapientibus
1099 2879 1132 2950 et
1147 2883 1283 2970 pruden-

41 2997 43 3002 ’
165 2994 252 3061 tibus
268 3003 318 3061 est
343 2995 587 3092 consoltnmpvt
602 3013 683 3078 quos
699 2981 815 3061 natura
830 2995 874 3062 ab
891 2994 988 3060 inicio
1003 2993 1125 3061 liberos
1140 2991 1283 3077 protulit,

165 3109 199 3169 et
214 3103 282 3168 iore
302 3103 449 3188 gencium
465 3103 611 3170 seruituti
626 3107 702 3169 sunt
717 3103 875 3184 subiecti,
899 3099 1000 3169 animi
1014 3100 1210 3168 remittentis
1225 3098 1282 3165 be·

165 3209 282 3277 neficio
311 3209 447 3295 pristine
473 3210 618 3279 libertati
632 3209 819 3278 reddantur.
835 3209 980 3276 Hincest
995 3209 1105 3293 igitur,
1122 3191 1208 3290 quoi
1224 3224 1284 3272 nos

164 3317 315 3404 praeibas
331 3317 481 3405 magistri
501 3315 649 3404 Obepani
659 3317 761 3386 nostri
770 3317 934 3402 Prepesiti
944 3315 1113 3412 inclinati,
1137 3313 1193 3395 qni
1207 3331 1281 3398 pro-

168 3432 241 3511 pter
257 3443 392 3493 suarem
403 3443 461 3493 sue
475 3425 651 3512 probitatis
669 3425 802 3494 odorem
818 3425 936 3492 meruit
951 3443 973 3490 a
987 3419 1078 3508 Rege
1094 3429 1127 3489 et
1142 3443 1163 3488 a
1179 3420 1284 3503 Regni
1338 3441 1348 3450 ·

166 3533 344 3601 maioribus
359 3533 570 3602 laudabiliter
579 3533 752 3618 honorari,
776 3529 939 3617 quendam
949 3537 1095 3598 nostrum
1111 3517 1286 3604 vinitorem

166 3639 357 3726 thpanum
383 3643 513 3708 nomine
538 3641 580 3710 de
604 3643 686 3710 viiia
709 3638 891 3722 Petbiend,
918 3640 973 3724 qui
1003 3638 1090 3705 dieto
1115 3635 1285 3721 Prepesito
1312 3629 1321 3646 ⁹

165 3767 262 3815 asoa
276 3748 423 3816 infancia
454 3747 594 3818 fideliter
625 3741 762 3819 semioit
789 3755 822 3816 at
838 3747 1002 3829 honestes
1033 3745 1193 3812 communi
1209 3763 1282 3810 con·

165 3874 265 3923 sensa
280 3859 381 3954 aurea
405 3855 634 3932 decoranimus
658 3857 821 3939 libertate,
849 3855 941 3922 nulla
956 3855 990 3921 in
1006 3853 1079 3942 ipso
1095 3859 1128 3922 et
1143 3848 1212 3920 nnis
1226 3849 1283 3918 ha·

164 3961 307 4050 redibas,
324 3963 353 4032 si
369 3983 451 4050 quos
471 3963 599 4034 -habara
614 3967 743 4051 poterit,
768 3965 802 4029 in
818 3963 958 4031 futorum
973 3965 1103 4030 macula
1118 3957 1284 4028 seruitutis
1384 3971 1388 3977 '

66 4121 69 4126 .
164 4079 362 4139 remanente.
378 4073 450 4139 Hoc
466 4080 614 4160 excepto,
630 4073 719 4156 quod
734 4073 767 4139 in
781 4073 965 4140 Natiuitata
980 4049 1133 4151 Doinini,
1156 4069 1281 4134 Ascen-

164 4180 266 4266 sione‚
283 4181 478 4249 Pentecoste
494 4189 526 4248 et
541 4183 575 4248 in
590 4179 824 4249 festiditatibrrs
839 4179 942 4247 Maria
958 4177 1111 4264 Virginis,
1122 4173 1238 4260 quibus
1248 4173 1283 4239 in

162 4287 337 4357 refectorio
362 4287 544 4356 reficiemur
563 4288 753 4357 roieociona
780 4287 959 4374 communi,
999 4285 1139 4353 adstans
1172 4299 1282 4350 eoram

163 4396 254 4464 nobis
270 4397 393 4464 seruiat
418 4397 528 4464 vinum
544 4403 578 4464 et
592 4397 718 4466 cibaria
742 4395 967 4464 ministrando.
982 4395 1033 4462 Ne
1048 4392 1166 4477 igitur,
1196 4390 1283 4475 qnod

162 4521 298 4588 pernes
315 4505 437 4572 facturn
454 4511 505 4572 est
513 4555 522 4589 ,
545 4506 651 4591 possit
665 4523 724 4591 per
732 4511 862 4573 nostros
873 4521 1083 4574 successores
1098 4499 1133 4568 in
1148 4497 1282 4566 dubiam

162 4611 332 4694 reuocari,
355 4618 540 4698 presentem
557 4611 702 4682 chartam
712 4613 814 4700 sigilli
823 4611 935 4688 nostri,
949 4607 1127 4676 munimina
1149 4605 1283 4673 ieeimus
