3140 5044
176 950 195 1012 l
202 947 236 1011 V.
255 949 343 1011 Iacza
362 951 453 1032 pcipe
478 949 616 1032 rorulcli,
640 950 719 1034 bopy
744 973 782 1014 uz
806 951 987 1036 coaterpami
1011 953 1098 1016 eraclo
1116 951 1298 1032 lstodunuk,

176 1055 259 1120 aldbd
284 1057 463 1139 caztcrpumo'
488 1055 636 1120 c'rsekruek
652 1059 683 1119 έε
699 1056 799 1119 akkor
823 1051 996 1142 prauasztci
1014 1057 1299 1142 pttspdkbiboraok·

351 1163 426 1247 nala,
443 1161 585 1227 decutiat
600 1164 667 1226 300
683 1174 764 1225 catat
779 1163 866 1247 pirdt
873 1165 1016 1248 fizcaseu.
1040 1165 1139 1228 1254.

266 1340 477 1408 Innocentius
498 1341 682 1428 Episcopus
708 1359 823 1410 seruus
849 1359 1014 1408 seruorum
1041 1339 1103 1410 Dei
1120 1340 1248 1407 dilectis
1264 1339 1299 1406 ii-

177 1448 294 1514 liis..
321 1497 329 1514 .
354 1449 466 1515 Sancti
492 1446 624 1514 Martini
650 1449 691 1516 de
707 1449 816 1514 Monte
842 1447 1009 1516 Pannonia
1035 1445 1167 1516 Ordinis
1184 1447 1298 1513 Sancti

176 1553 348 1622 Benedicti
364 1559 396 1620 et
420 1603 427 1618 .
453 1604 460 1618 .
487 1603 494 1618 .
518 1553 559 1620 de
584 1557 694 1621 Booon
711 1555 939 1622 Oisterciensis
956 1555 1092 1624 Ordinis
1108 1553 1294 1621 Abbatibus

175 1662 359 1730 Janriensis
376 1667 408 1730 et
433 1661 684 1747 vesprimiensis
712 1663 901 1731 Diooesium
918 1664 1056 1730 salutem
1073 1662 1298 1750 Apostolioam

176 1775 209 1834 et
224 1768 495 1838 benedictionem.
512 1769 696 1852 Oongruum
713 1770 940 1839 existimamus
957 1777 990 1838 ct
1005 1769 1160 1854 debitum,
1176 1777 1211 1836 ut
1227 1787 1299 1838 oum

176 1875 216 1940 de
234 1877 309 1942 aliis
324 1877 458 1944 solliciti
474 1878 574 1944 simus
590 1884 624 1944 et
651 1877 788 1961 vigilas,
814 1878 856 1944 de
872 1877 1028 1946 iratribus
1044 1877 1165 1944 nostris
1182 1877 1293 1945 Eccle-

176 1982 226 2050 sie
241 1984 390 2051 Romarm
417 1985 650 2052 Oardinalibus
676 1986 853 2071 specialius
879 1987 1069 2074 cogitemus,
1088 1993 1120 2050 ct
1137 1985 1296 2070 Apostoli·

174 2110 246 2158 cam
263 2090 530 2170 sollicitudinem,
546 2111 644 2177 quam
662 2111 729 2160 uua
744 2113 816 2161 cum
836 2093 918 2180 ipsis
933 2093 1137 2160 incessanter
1153 2093 1196 2158 ad
1212 2091 1297 2158 alios

176 2199 380 2282 exequimur,
406 2198 568 2268 interdum
593 2201 638 2267 ad
654 2221 711 2268 cos
726 2221 786 2286 pro
802 2202 948 2288 ipsorum
965 2199 1135 2268 commodo
1150 2195 1295 2266 reflecta-

175 2324 256 2389 mus,
273 2313 308 2372 ut
329 2313 491 2374 nostrast
516 2325 626 2374 eorum
650 2307 835 2390 vigilantia,
860 2327 922 2393 que
939 2308 1074 2394 prodest
1099 2306 1297 2392 generaliter

174 2415 301 2497 ceteris,
313 2413 355 2490 sit
370 2432 600 2498 nonnunquam
611 2422 644 2482 et
660 2415 742 2500 ipsis
753 2416 930 2484 fructuosa.
947 2415 1032 2482 Hinc
1042 2421 1103 2497 est,
1119 2411 1297 2498 quodcum

174 2519 392 2588 venerabilem
417 2520 550 2590 fratrem
577 2529 723 2590 nostrum
750 2573 757 2590 .
783 2573 791 2587 .
816 2573 824 2588 .
850 2523 1048 2610 Episcopum
1065 2519 1296 2590 Penestrinum

174 2625 215 2692 de
230 2625 446 2712 strigoniensi
461 2629 621 2712 Ecclesia,
634 2631 685 2698 cui
702 2631 778 2698 olim
798 2629 960 2717 prefuisse
977 2631 1101 2698 utiliter
1118 2647 1157 2694 ac
1181 2625 1296 2696 lauda

173 2734 282 2801 biliter
311 2731 478 2819 proluisse
513 2735 713 2820 dinoscitur,
745 2736 789 2804 ad
814 2738 1076 2806 Penestriensem
1106 2735 1296 2804 duxerimus

175 2841 456 2926 transferendum
480 2861 541 2908 nos
557 2845 705 2911 uolentes
722 2847 808 2912 inter
823 2845 929 2931 ipsum
939 2845 1149 2932 Episcopum,
1166 2847 1199 2910 et
1216 2860 1292 2910 ean·

173 2950 246 3016 dem
265 2949 521 3031 Strigoniensem
548 2951 732 3018 Ecclesiam
758 2959 868 3020 mutue
894 2952 1041 3019 caritatis
1066 2935 1231 3018 vinculum
1246 2968 1295 3014 re-

173 3075 318 3141 manere,
335 3056 537 3141 procidimus
563 3067 593 3124 ct
610 3061 717 3144 ipsam
734 3060 798 3126 sibi
814 3059 858 3126 ad
873 3067 982 3127 certos
999 3055 1146 3125 redditus
1172 3059 1213 3125 de
1238 3057 1295 3123 bo·

172 3180 283 3228 norum
299 3183 427 3230 suorum
440 3166 545 3252 copia,
570 3173 603 3232 et
619 3167 758 3233 eundem
776 3167 973 3255 Episcopum
989 3165 1038 3232 illi
1054 3163 1101 3232 ad
1117 3163 1288 3250 opportuni

175 3270 299 3338 sancus
314 3273 529 3356 patrocinium
554 3275 677 3358 pariter
694 3277 862 3359 obligare,
886 3283 921 3342 ut
936 3281 1074 3357 utroque
1090 3270 1235 3340 sicusim
1250 3271 1294 3339 ab

174 3379 279 3444 altero
294 3377 472 3461 recipiente
489 3379 679 3466 subsidium,
697 3382 790 3450 firma
807 3389 839 3450 et
854 3382 1025 3450 indiuidua
1040 3381 1126 3447 inter
1142 3379 1233 3464 ipsos
1250 3377 1296 3444 di·

174 3486 274 3552 lectio
288 3493 486 3570 perseueret.
503 3487 694 3572 Apostolica
711 3491 821 3572 itaque
832 3489 1025 3557 auctoritate
1036 3503 1176 3573 persone
1193 3485 1295 3570 ipsius

174 3591 327 3678 Episcopi
343 3601 506 3660 trecentas
522 3615 650 3662 mareas
667 3596 796 3681 argenti
812 3597 885 3683 puri
902 3603 936 3662 et
951 3594 1007 3662 fini
1022 3595 1067 3661 ad
1082 3593 1210 3679 pondus
1229 3589 1293 3660 Un-

173 3701 265 3784 garie
282 3699 322 3766 de
348 3702 560 3786 proventibus
576 3711 608 3770 et
630 3702 814 3773 redditibus
838 3699 1184 3790 Archiepisoopalibus
1209 3700 1292 3768 eius·

171 3807 245 3874 dom
275 3808 512 3892 strigoniensis
544 3811 692 3880 Ecclesia
723 3815 765 3882 de
781 3813 917 3882 cauum
943 3818 1125 3880 nostrorum
1153 3805 1290 3878 consilio

173 3917 393 3984 concessimus
424 3917 654 4004 percipiendus
685 3921 729 3987 ab
758 3922 831 4006 ipso
856 3922 983 4006 integre
999 3919 1188 3990 annuatim:
1222 3925 1289 3986 sta·

172 4027 300 4090 tuentes
317 4023 434 4092 eadem
449 4027 643 4094 auctoritate
660 4046 700 4094 ac
716 4029 935 4114 precipientes
952 4027 1108 4111 districte,
1125 4031 1161 4093 ut
1176 4025 1290 4092 Archi-

172 4129 344 4216 episoopus
361 4131 604 4219 strigoniensis,
622 4135 676 4219 qui
692 4155 751 4222 pro
762 4143 909 4221 tempore
920 4133 1026 4220 fuerit,
1050 4153 1147 4221 quem
1163 4132 1293 4216 quidem

173 4237 218 4304 ad
234 4235 295 4303 hoc
310 4237 412 4305 teneri
423 4241 552 4308 omnino
564 4243 722 4328 uolumus,
735 4251 902 4313 trecentas
912 4261 1041 4312 marcas
1054 4243 1096 4309 de
1111 4238 1292 4308 redditibus

172 4353 204 4409 et
228 4346 439 4429 prouentibus
456 4349 539 4434 ipsis
555 4349 620 4418 sibi
636 4349 690 4418 vel
706 4350 910 4438 procuratori
926 4369 994 4434 suo,
1011 4369 1070 4417 seu
1085 4345 1202 4414 nuncio
1220 4365 1291 4430 suo,

172 4470 268 4533 quem
293 4459 427 4540 propter
452 4455 513 4523 hoc
528 4457 718 4542 specialiter
739 4458 956 4542 distinauerit,
984 4457 1079 4524 aunis
1105 4451 1243 4538 singulis
1259 4453 1293 4518 in

174 4555 259 4625 festo
271 4557 419 4630 Omnium
437 4565 628 4634 Sanctorum
639 4568 728 4652 apud
737 4565 894 4634 Venetias
904 4565 976 4632 sinc
986 4559 1198 4630 diminutione
1214 4578 1292 4645 qua-
