3154 5038
771 287 927 391 Q

289 488 390 569 libet,
413 493 538 555 remota
553 487 641 552 omni
673 484 863 552 difficultate
895 485 1071 570 persoluat.
1104 483 1146 548 Et
1173 483 1201 548 si
1227 483 1259 547 iu
1286 480 1418 552 eisdem

289 595 372 664 testo
389 602 422 662 et
437 595 519 683 loeo,
535 593 589 660 uel
605 598 678 678 post
695 590 780 657 inira
791 590 880 675 duos,
898 611 938 657 ex
951 599 1027 657 tuno
1039 588 1213 676 interdicti,
1231 591 1306 658 etsi
1323 591 1413 658 forte

291 702 375 769 infra
390 704 472 771 duos
489 701 572 767 alios
602 698 838 782 subsequentes
869 717 998 766 menses
1014 699 1198 766 huiusmodi
1230 717 1416 766 marearum

292 809 506 893 quantitatem
522 807 586 874 sibi
602 808 654 874 vel
670 805 884 893 proouratori,
909 826 966 874 seu
983 807 1095 872 nuntio
1111 823 1169 872 suo
1179 826 1245 873 nou
1266 808 1413 892 soluerit,

289 914 514 1002 suspensionis
523 915 666 980 incurrat
685 912 867 981 sententias
879 935 918 982 eo
936 915 1018 998 ipso,
1035 911 1294 995 nonobstante,
1318 917 1348 982 si
1362 917 1411 982 ei·

289 1023 362 1091 dem
374 1023 663 1108 Arohiepisoopoa
679 1021 765 1090 Sede
776 1021 967 1106 Apostolioa
983 1020 1026 1086 sit
1042 1018 1210 1104 indultum,
1227 1020 1280 1085 vel
1300 1019 1410 1087 indul-

288 1130 357 1216 geri
368 1129 543 1212 contingat,
567 1127 652 1210 quod
663 1147 721 1213 per
737 1129 863 1194 litteras
876 1125 971 1193 Sedis
988 1127 1253 1212 ipsiusinterdloi
1264 1137 1406 1211 nequeat

289 1238 342 1303 vel
358 1236 530 1323 suspendi,
555 1235 620 1300 uisi
630 1235 663 1300 iu
673 1233 789 1300 iisdem
800 1234 917 1300 litteris
928 1232 969 1298 de
980 1233 1105 1309 indulto
1115 1233 1299 1303 huiusmodi
1308 1235 1411 1320 plena

289 1351 322 1412 et
337 1361 495 1428 expressa
510 1341 631 1408 nreutio
647 1342 817 1408 habeatur.
834 1342 912 1409 (lum
929 1343 1025 1425 igitur
1041 1343 1261 1408 venerabilem
1275 1344 1409 1410 tratrem

288 1455 431 1518 nostrum
456 1499 463 1516 .
488 1499 495 1514 .
521 1497 527 1514 .
554 1449 810 1534 strigoniensem
830 1449 1120 1535 Arohiepisoopunr
1139 1452 1332 1518 monendum
1350 1451 1408 1519 du-

288 1557 431 1624 xerimus
447 1557 601 1624 attentius
617 1565 650 1626 et
672 1555 863 1643 rogandum,
875 1557 994 1623 nostris
1010 1557 1074 1623 sibi
1091 1557 1209 1624 dantes
1234 1558 1348 1624 litteris
1372 1557 1407 1624 in

288 1664 469 1744 mandatis,
494 1671 529 1731 ut
544 1663 727 1732 huiusmodi
751 1665 890 1750 pecunie
911 1684 1071 1731 summam
1087 1667 1257 1734 annuatim
1272 1664 1306 1730 in
1321 1665 1406 1734 testo

288 1779 322 1840 et
336 1775 407 1840 loeo
432 1771 564 1858 prefixis
588 1773 651 1840 sibi
667 1772 719 1838 vel
744 1773 948 1858 procuratori
978 1790 1036 1839 seu
1057 1773 1170 1840 nuntio
1195 1791 1253 1840 suo
1278 1775 1406 1858 integre

288 1883 416 1951 solvere
442 1879 572 1947 sublata
595 1881 742 1964 qualibet
766 1879 959 1947 difficultate
984 1887 1147 1966 procuret,
1162 1880 1210 1946 ita
1226 1880 1313 1964 qnod
1333 1901 1406 1966 pre·

287 1991 392 2058 diotae
408 1989 591 2057 sententias
607 1989 716 2075 ipsum
731 1989 897 2054 incurrere
913 2007 978 2055 non
996 1985 1178 2073 eontiugat3
1207 2006 1329 2071 nosque
1344 1987 1401 2054 de-

286 2098 449 2164 uotionem
459 2117 553 2164 suam
562 2095 669 2183 dignis
680 2095 797 2163 exinde
807 2093 1165 2183 possimusinDourino
1176 2095 1326 2162 laudibus
1338 2115 1404 2164 ure·

287 2205 348 2270 rito
366 2205 602 2288 commendare,
621 2205 809 2271 discretioni
824 2211 933 2270 vestre
949 2201 1210 2290 perApostoliea
1225 2204 1347 2288 scripta
1370 2203 1407 2268 iu

287 2315 404 2380 uirtute
421 2311 605 2378 obedientie
627 2312 781 2380 'districte
796 2309 1007 2398 precipiendo
1024 2310 1226 2394 mandamus,
1241 2317 1404 2394 quatenus

288 2439 346 2486 vos
362 2420 415 2488 uel
432 2421 515 2485 ulter
540 2425 686 2487 uestrum
712 2422 840 2486 litteras
866 2421 957 2507 ipsas
967 2468 976 2502 ,
1002 2439 1085 2503 quus
1103 2429 1202 2504 snper
1220 2417 1281 2486 hoo
1297 2419 1404 2487 eidem

287 2527 542 2612 Arohiepisoopo
559 2517 760 2594 destinaturus
770 2576 779 2610 ,
806 2529 868 2594 sibi
885 2529 1060 2614 assignare
1078 2547 1149 2594 ourn
1166 2527 1295 2595 cautela
1311 2537 1343 2595 et
1358 2528 1406 2595 di-

287 2635 424 2720 ligentia
439 2633 610 2722 studeatis.
627 2635 829 2722 Rescripturi
845 2638 938 2704 uobis
959 2635 1116 2721 quidquid
1133 2655 1231 2722 super
1258 2635 1318 2702 hoo
1344 2637 1404 2702 du-

287 2741 606 2808 xeritiafaoiendum.
618 2743 737 2812 Datum
750 2743 904 2810 Laterani
915 2741 1067 2811 kalendis
1081 2745 1205 2830 Aprilis
1230 2743 1406 2810 Pontifica-

288 2856 340 2916 tus
356 2850 457 2916 nostri
476 2869 562 2918 anno
578 2851 760 2919 uudeoimo.

413 3024 558 3094 (Eredetie
570 3042 588 3081 a
599 3025 816 3084 sueutmdrtoni
827 3023 982 3100 ddapdtsdg
995 3023 1215 3098 levdltdrdbou.)

729 3395 973 3407 Q———n—u—
