3184 5064
681 255 841 350 jug

199 450 345 518 nasterio
362 447 475 516 Sancti
499 446 631 516 bladini
646 447 785 536 pauidos
800 445 1057 536 possidendam,
1080 445 1173 513 nulla
1196 451 1323 514 eontra·

200 554 346 625 diooione
361 555 525 624 existente
540 604 550 640 ‚
567 551 692 643 (prout)
707 553 781 641 ipse
795 553 883 624 idem
899 552 997 621 bomo
1021 559 1134 621 noster
1157 552 1253 622 nobis
1277 573 1327 622 ro·

201 662 324 730 oitanit.
353 663 391 731 In
409 664 500 731 auius
515 663 564 730 rei
580 665 770 732 memoriam
784 670 980 750 perpetuam
1007 659 1051 728 ad
1076 661 1213 747 petitum
1237 662 1326 750 ipso·

199 789 269 836 rum
299 775 472 858 presentes
503 770 652 838 dedimus
683 771 812 838 litteras
843 769 991 839 alfabeto
1018 768 1146 837 diuisas
1162 774 1195 837 et
1215 769 1326 854 sigillo

199 885 312 948 nostro
328 879 512 948 roboratas.
528 879 622 947 Anno
642 877 774 946 Domini
789 878 963 947 millesimo
988 876 1211 946 dueentesimo
1234 875 1326 962 quin·

198 987 389 1071 quagesimo
405 1006 501 1054 nono.
526 983 683 1072 Ohepano
699 985 880 1072 Proposito,
897 983 1042 1052 Inrkone
1068 982 1231 1069 Castore,
1260 983 1326 1052 Ha·

198 1101 287 1162 etore
303 1091 447 1163 custode
463 1092 691 1162 existentibus.
723 1095 845 1163 Datum
860 1110 921 1178 par
936 1109 1053 1162 manus
1068 1092 1158 1162 Petri
1168 1089 1246 1160 Albi
1262 1090 1326 1161 Oa·

198 1200 301 1288 pltulo
317 1222 377 1289 per
393 1201 571 1272 Castorem
589 1201 775 1270 constituto.

245 1395 285 1470 (n
296 1394 529 1471 prestetuna
540 1379 656 1470 berny
668 1393 817 1469 helyadget
836 1395 916 1455 meso
936 1393 1048 1454 rasa-n
1060 1390 1275 1468 osnnyaon.)

192 2327 303 2392 Istouu
324 2321 430 2412 ffjabb
446 2321 555 2410 kirdly
570 2323 602 2388 da
615 2325 714 2409 stajar
728 2319 855 2409 buosep
865 2319 1067 2389 Ebarburdot
1076 2324 1239 2413 ιιιιινόιινρι·
1246 2327 1319 2412 pot-

214 2437 286 2520 φάη
301 2431 535 2520 Stnjerbonbuo
548 2430 662 2498 tulare·
676 2429 836 2500 birtokkul
852 2430 1086 2518 admodeyoeaa
1100 2455 1179 2522 may.
1196 2435 1294 2502 1259.

300 2629 373 2698 Nos
389 2628 578 2716 Stephanus
603 2627 667 2696 Dei
690 2627 805 2714 grauia
829 2627 901 2697 Rex
925 2628 1160 2715 primogenitus
1175 2631 1317 2702 Illustris

192 2736 295 2824 Regis
310 2738 457 2825 Vngerie
473 2743 507 2806 et
521 2737 598 2804 Dux
613 2736 713 2805 Stirie
728 2742 841 2805 tenore
856 2736 1066 2824 presencium
1092 2739 1317 2825 signidoamus

191 2846 373 2915 uniuersis:
405 2843 501 2926 Quod
515 2863 574 2913 nos
591 2843 808 2914 consideratis
824 2844 1018 2914 fidelitetum
1042 2846 1167 2915 meritis
1193 2855 1227 2916 et
1252 2867 1318 2917 ser·

191 2955 351 3023 uioiornm
367 2949 678 3021 Eburbardi'bdelis
703 2953 785 3020 einis
802 2955 905 3022 nostri
921 2955 963 3022 de
979 2955 1145 3042 Marpnrg,
1162 2974 1225 3039 que
1251 2958 1317 3024 Do-

190 3063 279 3130 mino
295 3063 378 3146 Regi
393 3059 571 3128 karissimo
587 3062 673 3148 patri
689 3068 801 3131 nostro
818 3069 852 3131 et
875 3063 971 3130 nobis
996 3061 1120 3132 studuit
1144 3064 1317 3134 inuiolabi-

190 3171 265 3237 liter
289 3170 484 3253 obseruare,
500 3187 562 3236 nos
586 3169 620 3237 in
636 3170 979 3256 recompensacionem
1001 3172 1212 3240 sernioiornm
1227 3173 1317 3240 eius·

188 3278 273 3362 dem,
305 3277 362 3364 qni
377 3278 454 3346 lieet
472 3279 571 3364 plura
587 3283 762 3364 mereatur,
779 3278 912 3346 invilla
928 3276 1089 3346 Wolonim
1099 3277 1211 3346 deeem
1221 3298 1317 3346 man·

190 3404 248 3454 sus
258 3434 268 3470 ,
285 3386 319 3452 in
336 3384 416 3452 villa
433 3383 534 3452 Ohost
550 3393 687 3470 quatuor
702 3369 835 3453 mansus
854 3394 888 3454 et
907 3385 1094 3468 dimidium,
1117 3393 1151 3453 et
1176 3387 1211 3453 in
1237 3387 1317 3456 villa

190 3491 289 3561 Wdol
307 3491 391 3560 dnos
406 3511 541 3560 memus
569 3511 641 3560 oum
666 3493 877 3580 pertinenciis
902 3492 1086 3562 eorumdem
1111 3491 1176 3560 sibi
1199 3492 1233 3561 in
1248 3493 1316 3563 ien-

189 3599 265 3668 dnm
281 3609 314 3668 et
328 3601 362 3666 in
377 3607 569 3686 perpetuum
586 3600 781 3668 contulimus
797 3601 897 3686 pleno
913 3601 984 3669 inre
1011 3608 1044 3668 et
1068 3603 1102 3668 in
1126 3599 1211 3670 tillos
1235 3601 1316 3672 filio·

188 3727 268 3776 rum.
292 3707 386 3774 litut
400 3707 586 3778 huiusmodi
601 3716 711 3776 nostre
728 3707 922 3777 donaoionis
939 3710 1043 3778 series
1061 3707 1158 3776 robur
1167 3711 1316 3798 optineat

187 3822 346 3902 perpetue
363 3813 545 3901 firmitatis,
562 3824 735 3902 presentes
751 3823 884 3884 nostras
900 3817 1028 3885 litteras
1054 3816 1162 3886 eidem
1179 3823 1315 3888 eontuli-

186 3943 257 3990 mus
275 3923 414 4008 dupliois
430 3923 532 4008 sigilli
549 3925 653 3991 nostri
668 3925 843 3990 munimine
864 3925 1047 3994 roboratus.
1080 3926 1201 3994 Dstnm
1226 3947 1313 3996 anno

184 4029 229 4098 ab
243 4030 475 4100 Inoarnationo
491 4029 623 4099 Domini
637 4031 823 4100 millesimo.
847 4031 926 4099 00⁰.
944 4033 997 4100 ΙΝ.
1015 4053 1110 4102 nono.

183 4205 224 4279 (l
236 4205 315 4265 bessi
328 4224 369 4265 os.
380 4207 408 4263 ln.
432 4207 522 4264 tillus
535 4205 716 4264 levelttrban
729 4207 823 4264 drndtt
835 4205 943 4264 eredeti
955 4206 1033 4280 utdn,
1047 4207 1148 4267 chmel
1171 4206 1317 4277 Diploms·

345 4299 451 4355 torium
463 4297 624 4355 miseellam
637 4294 750 4354 Sasonli
762 4296 842 4354 XIII.
856 4295 930 4354 lidos
943 4297 1023 4354 1849.
1048 4299 1092 4354 bl.
1106 4297 1138 4369 l.)

662 4542 880 4553 -κ-ι-ο--ι-
