3154 5030
551 233 555 248 ’
632 283 792 389 ..eu

148 497 253 567 regnu
276 497 316 546 ec
340 477 513 546 universes
535 475 723 564 provincius
747 495 908 565 occupare
932 476 1020 544 omui
1042 475 1209 544 cbstccuic
1225 494 1274 543 re·
1352 499 1356 506 ·

150 589 262 674 legate
295 583 478 674 sperdutcs.
518 585 599 654 Oum
631 585 732 672 igitur
763 603 830 652 non
861 584 967 652 solum
1000 590 1132 670 nostre,
1164 601 1276 654 verum

152 695 250 761 etium
273 694 372 762 totius
396 693 509 780 populi
532 679 804 784 Christianissspes
826 689 870 759 ed
893 710 1029 777 presens
1052 691 1107 778 agi
1122 706 1181 778 per
1196 688 1277 758 fecti

152 801 394 890 erpericnciem
426 803 595 885 videatur,
630 803 705 868 dum
738 820 798 886 pro
831 805 926 888 purte
957 801 1068 886 peries
1091 805 1202 867 noster
1225 804 1277 865 est

153 928 347 1000 succensus,
377 907 589 976 dileccionem
621 914 767 976 vestrum
800 927 897 992 quem
920 905 1043 993 [intime
1066 923 1220 994 rogamus
1243 910 1277 971 et

152 1019 317 1086 hortamur
338 1015 530 1084 in'Dumino
554 1035 686 1101 precum
710 1016 872 1084 instancia
895 1011 1096 1100 flagitantes,
1115 1021 1276 1098 quatenus

153 1131 220 1192 tum
244 1124 285 1190 ob
308 1123 532 1190 reuereuciem
556 1123 697 1190 nominis
722 1122 844 1190 Christi
870 1123 971 1208 Jesu,
1001 1141 1198 1210 precumque
1221 1140 1277 1188 no·
1331 1163 1342 1170 *κ

153 1239 293 1299 strarum
317 1225 499 1297 interventu
524 1237 637 1298 contra
662 1229 795 1296 eosdem
818 1229 959 1317 perfidos
976 1230 1009 1296 in
1024 1229 1204 1318 presidium
1220 1248 1276 1296 ne-

155 1346 278 1422 strum,
312 1336 420 1403 verius
454 1336 557 1404 tucius
580 1337 693 1423 populi
718 1336 897 1404 Christiani
919 1343 1064 1404 vestrum
1096 1336 1279 1423 dignemini

155 1449 227 1515 sine
249 1464 339 1514 mera
363 1443 562 1512 uccelierere
585 1463 791 1530 succursum,
816 1443 964 1513 subditos
987 1453 1116 1515 uestros
1139 1447 1181 1514 ad
1204 1452 1278 1512 tun·

32 1595 35 1600 ·
155 1564 221 1624 tum
237 1553 372 1640 pietatis
395 1571 477 1638 opus
500 1553 652 1636 precibus
677 1559 711 1618 et
731 1554 967 1622 municionibus
987 1554 1189 1636 inducentes,
1207 1572 1278 1637 pre-

161 1683 217 1730 ces
239 1681 324 1749 quus
347 1659 441 1727 vobis
465 1659 536 1727 uice
561 1659 809 1726 chirstianitatis
824 1660 1021 1746 porrigimus
1045 1669 1112 1730 tam
1138 1659 1279 1728 efficaci·

156 1778 207 1836 ter
229 1767 381 1852 audituri,
407 1763 493 1850 quod
516 1766 687 1834 imminens
711 1766 781 1834 orbi
805 1767 866 1834 tuti
889 1769 1000 1834 vulect
1024 1767 1142 1835 evitari
1166 1766 1279 1834 discri-

155 1895 229 1942 men
252 1894 312 1960 per
335 1872 516 1940 subsidium
540 1878 684 1939 vestrum
708 1879 740 1940 et
756 1874 893 1940 eliorum
913 1873 1034 1940 (ihristi
1048 1873 1203 1959 fidelium,
1219 1891 1279 1940 uos

156 1965 284 2066 unoque
315 1978 550 2056 constituamur
567 1978 675 2058 ¹vebis
707 1988 866 2064 perpetuo
900 1979 944 2048 cd
973 1987 1086 2068 grates
1109 1989 1142 2048 et
1163 1980 1279 2048 meritc

157 2091 333 2159 debitores.
373 2089 474 2154 Porro
498 2087 541 2171 ii,
576 2087 633 2172 qui
656 2086 877 2172 dignabuntur
900 2088 963 2157 Dei
987 2088 1144 2174 obsequio
1168 2094 1202 2156 et
1223 2107 1280 2153 nc·

158 2203 225 2266 stro
248 2195 417 2266 succursui
439 2214 514 2264 sese
538 2197 672 2281 offerre,
697 2196 739 2262 de
762 2217 821 2264 sno
844 2215 904 2264 uos
928 2195 1105 2266 certificent
1126 2197 1279 2280 adventu,

157 2314 192 2374 ut
214 2307 248 2372 in
272 2303 411 2372 confinio
434 2301 541 2391 Regni
563 2303 666 2371 nostri
690 2323 748 2372 ecs
771 2303 948 2373 honorifice
980 2303 1083 2392 recipi
1110 2303 1280 2373 iaciamus.

89 2445 92 2450 ·
158 2411 324 2497 Quidquid
344 2433 423 2480 -verc
447 2414 534 2480 letor
557 2413 762 2501 presencium
786 2416 819 2481 in
843 2415 945 2482 nostri
968 2415 1039 2483 viee
1063 2415 1172 2482 nuncii
1191 2413 1281 2484 dixe·

160 2521 225 2606 rit,
248 2519 344 2588 iidem
368 2527 402 2586 et
425 2521 631 2590 eredencium
656 2521 687 2587 ei
711 2521 889 2608 dignemini
912 2521 1079 2590 adhibere.
1103 2520 1223 2590 Datum
1237 2537 1281 2572 ²-

161 2897 334 2970 (Hormcycr
342 2895 410 2954 utdu
424 2895 493 2969 „Die
503 2895 625 2970 geldone
636 2893 763 2954 Chronik
776 2913 832 2954 von
841 2885 1131 2972 Hohemehwmgeu‘
1143 2895 1283 2954 Mducheu

512 2985 592 3042 1842.
605 2985 641 3044 Π.
655 2991 725 3045 oszt
739 2987 784 3045 dd.
796 2985 815 3044 1.
829 2987 933 3056 duct.)
