3154 5030
782 803 837 872 5⁰.

402 1021 460 1086 IX.
481 1018 615 1107 Gerpely
625 1011 718 1107 popa
733 1039 919 1106 upyarrozoa
935 1021 1097 1108 torpyboo.
1122 1021 1221 1086 1238.
1337 1095 1341 1104 Ι

357 1251 534 1336 Gregorius
549 1251 733 1336 Episcopus
749 1255 809 1316 eto.
829 1252 1000 1320 carissimo
1027 1253 1060 1320 in
1076 1253 1206 1322 (thristo
1231 1252 1298 1320 tilio
1314 1303 1321 1318 .
1339 1303 1347 1320 .
1366 1300 1375 1316 .

249 1341 471 1444 I'llustriRegi
486 1357 635 1444 Ungarie
651 1359 789 1456 salutem
808 1364 870 1424 eto.
903 1357 982 1426 Cum
999 1361 1084 1428 sieut
1101 1359 1195 1428 uobis
1212 1361 1275 1427 tuis
1292 1359 1376 1428 litte-

251 1468 297 1534 ris
311 1468 487 1552 intimasti,
513 1469 556 1535 ad
583 1465 871 1536 eommonioionem
888 1474 1035 1536 nostram
1051 1470 1216 1538 Divinitas
1232 1469 1376 1554 inspira-

252 1584 304 1644 tus
321 1577 354 1642 iu
370 1577 416 1642 tni
432 1575 622 1660 obsequium
639 1577 813 1660 creatoris,
840 1597 904 1646 non
930 1577 1036 1646 solum
1051 1580 1140 1646 bona
1149 1629 1158 1663 ,
1186 1579 1247 1648 sed
1274 1579 1375 1646 stiam

251 1704 425 1770 personam
442 1691 531 1751 tuam
549 1685 686 1751 devotus
703 1703 869 1770 exponas,
889 1684 1125 1774 propterquod
1142 1687 1377 1754 celsitudinem

251 1792 387 1878 Regiam
404 1791 511 1878 dignis
528 1794 562 1858 in
578 1792 719 1858 Domino
735 1792 890 1860 laudibus
908 1795 1174 1862 commendamus
1200 1815 1241 1864 ao
1265 1813 1377 1881 prose·

251 1901 378 1984 quimur
394 1900 577 1966 notionibus
593 1899 790 1984 gratiarnm,
815 1899 881 1968 tuis
906 1901 1035 1982 devotis
1058 1902 1270 1988 petitionibus
1286 1901 1378 1971 favo·

253 2009 402 2074 rabiliter
426 2015 628 2093 annuentes,
654 2007 812 2089 Bulgarie
839 2008 988 2092 Regnum
1003 2010 1101 2076 alioui
1116 2011 1297 2078 oouoedere
1312 2029 1378 2076 non

252 2116 450 2182 intendimus
465 2115 499 2180 in
516 2121 604 2182 tuum
620 2114 835 2200 proiudioium
853 2116 1100 2203 oooupaudum,
1127 2117 1182 2202 qni
1207 2117 1251 2184 ad
1267 2118 1378 2204 prolo-

253 2228 339 2288 otum
364 2228 396 2287 et
422 2223 653 2317 exaltationem
679 2231 785 2306 tuam,
813 2233 969 2308 quantum
995 2245 1066 2292 oum
1092 2227 1163 2292 Deo
1188 2245 1376 2312 possumus,

252 2329 356 2398 modis
376 2330 526 2398 omnibus
552 2332 745 2416 aspiramus.
772 2333 893 2399 Datum
909 2333 1062 2418 Anagnis
1078 2333 1116 2399 V.
1132 2333 1210 2402 Idus
1225 2333 1379 2420 Augusti,

254 2434 477 2523 (Pontificatus
492 2437 609 2526 nostri)
626 2461 712 2508 auno
730 2438 934 2508 duodecimo.

295 2651 297 2656 ’
356 2629 1287 2746 (rx.sergery'ptpsnegeunsormemsam.m.1.s.1se.1.)

682 2943 949 2956 Ἣ
