3140 5044
751 159 907 268 gun—

270 357 372 425 elesie
382 353 646 440 confirmandam,
657 373 730 422 cnm
740 355 838 421 etiam
849 353 985 422 heedem
1005 361 1151 443 tempore
1171 357 1406 425 reuocaoionis

269 465 520 552 perpetuitatum
538 463 658 530 fuerint
667 469 829 531 reuocate.
840 463 972 531 Preiata
981 470 1089 532 autem
1104 471 1201 550 terra,
1219 484 1282 548 que
1299 466 1406 533 Curia

140 627 143 632 .
269 571 369 657 Regis
385 578 530 656 uocatur,
548 570 644 638 certis
661 570 758 639 metis
774 577 807 637 et
817 571 961 655 antiquis
973 570 1033 639 hoc
1045 571 1156 640 ordine
1167 581 1218 642 est
1227 574 1403 640 distinctae

271 678 378 746 Prima
394 685 483 746 meta
498 676 653 747 uidelicet
669 679 766 745 sumit
782 679 911 746 inicium
924 679 968 746 ad
977 681 1244 766 septemtrionem
1261 678 1403 747 adonio

271 785 326 871 qui
341 793 476 854 uocatur
491 787 594 870 Saar3
613 784 731 854 deiude
746 785 951 871 protenditur
967 787 1184 856 adorientem
1200 789 1291 856 iuxta
1308 789 1400 854 rinu-

270 895 347 979 lum,
364 893 419 977 qni
432 891 504 961 fluit
518 895 552 960 in
562 895 740 980 predictum
754 893 889 962 fluuium
905 896 1009 982 Saur;
1028 895 1307 964 deindeascendit
1322 895 1400 979 pla·

269 1001 389 1070 niciam
414 1001 541 1070 minimi
557 1003 675 1069 moniis
692 1009 725 1069 et
740 1003 910 1070 deseendit
921 1004 955 1069 in
971 1004 1090 1070 uallem
1107 1003 1398 1087 arundinetornm5

271 1108 391 1178 deinde
406 1110 555 1180 ascendit
567 1111 611 1177 ed
621 1111 707 1179 uiam
725 1132 746 1179 a
762 1112 944 1180 meridiane
954 1113 1141 1198 plagsante
1152 1111 1278 1196 siluam,
1295 1109 1400 1177 cuins

163 1201 178 1222 ’
271 1238 389 1286 nomen
406 1217 608 1304 Hegemone,
626 1239 687 1302 que
704 1221 789 1286 silua
798 1219 1029 1306 patrimonium
1047 1227 1097 1286 est
1112 1220 1250 1287 filiorum
1267 1218 1401 1285 comitis

271 1325 451 1412 Stephani;
475 1325 592 1395 deinde
608 1325 779 1395 descendit
795 1329 826 1394 in
838 1349 993 1414 magnam
1005 1329 1126 1394 uallem
1137 1329 1180 1396 od
1190 1325 1399 1396 occidentem

272 1438 306 1500 et
320 1433 440 1502 transit
455 1433 541 1500 ultra
565 1453 718 1520 magnam
734 1435 841 1521 uiam;
869 1443 902 1502 et
918 1435 1050 1502 tandem
1067 1435 1258 1502 terminatur
1274 1435 1305 1499 in
1323 1451 1398 1518 pre·

272 1539 437 1607 nominato
463 1538 560 1609 fluuio
585 1544 676 1611 Saor.
693 1543 735 1608 Vt
751 1541 850 1626 igitur
865 1542 927 1608 hec
943 1551 1057 1610 nostra
1073 1542 1212 1610 collaeio
1233 1561 1292 1607 scu
1309 1541 1399 1607 eius·

272 1645 347 1714 dem
364 1648 569 1716 confirmacio
585 1652 682 1719 robur
699 1651 844 1718 obtineat
860 1657 1016 1737 perpetuo
1033 1649 1204 1735 firmitatis,
1220 1655 1400 1734 presentes

273 1755 493 1824 concessimus
521 1757 648 1824 litteras
673 1756 816 1842 duplicis
832 1757 932 1841 sigilli
948 1757 1052 1824 nostri
1069 1757 1245 1824 munimine
1261 1757 1398 1822 robora-

273 1869 336 1930 tas.
352 1863 472 1930 Datum
487 1861 613 1932 Jeurini
629 1885 715 1932 anno
726 1863 858 1934 Domini
874 1865 1047 1933 millesimo
1063 1863 1286 1932 ducentesimo
1303 1864 1399 1948 quin·

273 1970 463 2058 quagesimo
488 1979 600 2058 sexto,
627 1973 683 2040 IX.
714 1972 877 2041 kalendas
902 1973 999 2058 Julii,
1035 1972 1137 2057 Regni
1162 1978 1271 2038 autem
1293 1973 1399 2038 nostri

272 2096 358 2148 anno
373 2077 528 2147 vicesimo
545 2081 658 2167 primo.

273 2272 861 2345 <Aaeredetiutin.Weis,Urkundenbuch
868 2277 918 2334 des
925 2274 1302 2348 StiftssHeiligen-Kreutz,
1310 2271 1355 2326 18.
1365 2273 1400 2344 l.)

710 2557 956 2569 Ἤ

799 2903 876 2969 181.

275 3099 297 3164 I
301 3098 335 3166 V.
358 3096 487 3166 sendo
501 3119 524 3162 a
537 3117 579 3162 aa.
596 3094 882 3160 Beucdckrcodit'ek
898 3094 984 3160 kdzta'
991 3092 1166 3181 scqyclmre
1191 3096 1283 3160 acccc
1299 3097 1394 3160 intet-

726 3201 832 3268 kcdik.
856 3203 953 3266 1256.
1347 3219 1351 3226 “

382 3381 569 3454 Alexander
585 3384 769 3469 Episcopus
785 3399 900 3448 servos
927 3400 1095 3450 servornm
1112 3379 1175 3446 Dei
1192 3380 1313 3448 diiecto
1328 3379 1395 3448 tilio

276 3545 284 3562 .
302 3542 310 3560 .
328 3542 336 3560 .
353 3492 475 3560 Abbati
499 3491 689 3558 Monasterii
708 3489 818 3556 Sancti
826 3490 954 3555 Martini
965 3487 1008 3555 ad
1018 3487 1200 3556 Romanam
1211 3487 1396 3555 Ecclesiam

275 3599 362 3666 nullo
379 3599 483 3668 medio
499 3597 695 3685 pertinentis
711 3597 844 3664 Ordinis
864 3596 981 3663 Sancti
997 3596 1166 3662 Benedicti
1189 3593 1396 3663 Jourineneis

276 3707 425 3776 Dioceeis
441 3708 582 3776 salutem
612 3712 645 3771 et
676 3703 901 3789 Apostolicam
932 3703 1205 3772 benedictionem.
1241 3699 1398 3768 Exhibits

149 3839 152 3846 ·
275 3815 369 3881 nobis
384 3821 440 3883 tua
456 3815 571 3901 petitio
596 3810 820 3897 commendat,
855 3813 942 3894 qnod
969 3810 1103 3878 nonnuli
1133 3809 1324 3878 Monasterii
1348 3807 1398 3874 tui

276 3921 430 3989 monachi
445 3927 478 3989 et
493 3921 640 3989 conuersi
656 3939 716 4004 pro
735 3917 881 3987 violenta
907 3918 1085 3986 iniectione
1110 3937 1264 3985 manuum
1295 3917 1329 3982 in
1359 3934 1397 3981 se

275 4035 376 4117 ipsos,
393 4035 426 4096 et
441 4027 572 4113 qnidam
587 4047 646 4114 pro
662 4011 852 4095 detentione
870 4026 1007 4112 proprii,
1024 4025 1082 4091 alii
1107 4027 1207 4092 etiam
1223 4044 1282 4109 pro
1299 4023 1399 4089 dene-

276 4145 357 4226 gata
371 4138 431 4206 tibi
448 4143 481 4203 et
496 4135 786 4221 predecessoribus
802 4133 870 4202 tuis
887 4132 1075 4201 obedientia
1099 4151 1158 4208 sen
1182 4129 1399 4216 conspiratio·

278 4247 328 4314 nis
345 4245 504 4315 offensam
521 4239 608 4329 (igy)
624 4242 658 4309 in
675 4240 1027 4310 excommunicationis
1044 4241 1197 4322 laqueum
1214 4237 1398 4320 inciderint,

279 4373 413 4439 quorum
430 4351 663 4421 monachorum
678 4350 811 4434 quidam
831 4349 951 4416 Diuina
969 4347 1138 4414 celebrant
1155 4344 1264 4414 officio
1289 4349 1322 4410 et
1347 4361 1400 4408 re·

281 4469 434 4548 ceperunt
459 4461 592 4528 ordines
603 4459 651 4526 sic
662 4457 775 4544 ligati5
810 4475 910 4539 quare
927 4451 1399 4540 superbiseorumprouiderc
