3154 5030
185 467 246 536 pes
272 465 334 534 per
361 447 723 535 destructumRegnum
738 449 890 534 scente,
917 449 1087 537 Saxones,
1114 449 1309 538 biisnenses,

186 555 410 642 Turingcnses
429 554 629 626 descendere
655 555 833 642 facientes,
860 565 896 624 ut
919 559 1123 644 postmodum
1148 560 1309 626 universis

187 663 310 753 pariter
325 665 535 750 congregatis
552 684 614 731 non
631 666 736 733 solum
751 665 871 734 limites
887 665 1042 754 Imperii,
1067 687 1182 736 verum
1205 668 1309 736 eciam

187 778 314 861 partem
329 771 518 858 Hungaric,
534 792 606 840 eum
621 792 738 842 eorum
747 771 794 841 ilti
809 776 979 862 recepcie,
995 773 1207 845 'tartarorum
1220 773 1310 845 ride-
1415 761 1421 770 ’

188 881 275 965 lieet,
294 887 381 948 esset
396 879 539 968 Imperio
553 881 728 968 plurimum
742 881 906 953 honerosa
915 933 924 967 ,
950 905 989 953 ee
1009 884 1095 970 quod
1110 883 1311 956 municiones

188 987 308 1056 ibidem
326 989 482 1075 plurimas
499 991 627 1080 erigant
643 992 676 1058 in
692 992 848 1079 instanti,
875 993 970 1060 nobis
997 993 1245 1081 cooperantibus
1270 993 1312 1061 si·

190 1117 260 1165 mus
277 1098 416 1166 accincti
432 1097 609 1167 dessidere
618 1147 628 1182 ,
658 1099 737 1167 certi
763 1100 850 1185 quod
866 1107 960 1167 tanta
976 1109 1027 1170 est
1042 1101 1219 1171 infidelium
1234 1099 1314 1168 Tar·
1364 1112 1366 1116 ’

188 1213 331 1274 toromm
347 1209 501 1294 potencia
518 1213 551 1274 ct
566 1207 729 1292 fortitudo,
741 1213 896 1276 utsumus
912 1208 1121 1296 experieucia
1147 1207 1314 1297 personali

190 1315 335 1404 experti,
359 1335 430 1408 oum
448 1316 536 1383 circa
551 1316 640 1400 ipsos
657 1335 800 1384 essemus
817 1316 852 1384 in
868 1315 1039 1401 Hungario
1054 1316 1222 1386 constituti
1238 1334 1313 1384 con·

190 1423 278 1492 flictu
303 1421 416 1490 habito
433 1441 512 1512 cnm·
523 1423 667 1503 eisdem,
695 1430 727 1490 et
742 1429 777 1490 ut
791 1423 886 1490 nobis
902 1423 1150 1509 recedentibus,
1176 1423 1314 1492 devietis

192 1531 248 1616 qui
271 1537 441 1617 presentes
450 1532 589 1618 fuerant,
618 1532 676 1599 illa
699 1531 772 1598 rice
787 1532 935 1616 Regnum
953 1539 985 1600 ct
999 1535 1069 1602 Rex
1085 1533 1314 1618 Hungarorum

192 1645 266 1708 sunt
282 1641 418 1727 experti,
435 1641 522 1723 quod
539 1641 672 1728 expedit
689 1641 776 1708 omni
792 1643 909 1710 virtute
942 1649 1057 1710 contra
1073 1640 1162 1727 ipsos
1179 1645 1212 1706 et
1226 1640 1315 1728 inge·

191 1749 245 1814 nio
260 1750 448 1834 premoniri,
460 1749 618 1816 mittendo
629 1751 816 1837 solempnes
825 1750 962 1818 nuncios
973 1756 1072 1834 atquc
1082 1749 1204 1835 scripta
1213 1747 1315 1822 Fran·

192 1857 252 1936 cie,
267 1856 428 1942 Hispanis
445 1858 605 1946 etAuglie
618 1858 761 1941 Regibus
779 1862 812 1924 et
829 1859 946 1926 ceteris
962 1857 1128 1926 nobilibus
1144 1854 1316 1940 universis,

193 1963 249 2048 qni
263 1972 434 2032 censentur
449 1965 580 2034 nomine
596 1965 784 2050 christiano,
800 1969 836 2033 ut
851 1965 968 2032 saltem
986 1965 1035 2032 sie
1050 1962 1237 2032 huiusmodi
1251 1967 1316 2030 tur·

193 2070 262 2139 hini
277 2073 450 2140 resistatur
465 2094 524 2162 per
539 2074 682 2159 ipsorum
700 2074 904 2160 presenciam
922 2073 1133 2160 corporalem.
1149 2070 1318 2138 'timemus

193 2180 306 2264 ireque
322 2189 455 2269 propter
469 2182 671 2250 uicinitatem
688 2181 880 2266 eorundem,
906 2201 971 2268 que
988 2181 1031 2248 ad
1047 2181 1130 2250 duas
1146 2178 1252 2248 dietas
1270 2182 1320 2246 est

194 2307 215 2352 a
231 2286 387 2355 limitibus
402 2296 489 2356 terre
504 2297 635 2374 nostre,
661 2297 697 2356 ut
722 2311 781 2377 per
797 2288 936 2358 insultus
952 2297 1038 2358 terre
1053 2297 1165 2357 nostre
1179 2285 1322 2354 inierant

195 2394 326 2462 cottidie
351 2396 544 2482 gravamina
568 2399 764 2485 etjaetnres,
798 2419 837 2466 eo
863 2396 950 2486 quod
974 2398 1070 2466 simul
1086 2397 1191 2468 omnis
1207 2413 1320 2464 eorum

194 2507 342 2588 potestas
359 2510 392 2570 et
406 2505 445 2570 in*
455 2525 553 2572 unum
572 2525 646 2575 esse
661 2507 849 2590 dinoscitur,
862 2526 924 2590 que
940 2506 1097 2572 hactenus
1114 2525 1175 2590 per
1191 2503 1321 2572 diversa

196 2599 311 2698 Regna
324 2609 476 2700 dispersa
490 2611 606 2700 suerat,
624 2623 834 2702 congregata
845 2615 996 2698 Denique
1012 2613 1112 2682 tactis
1130 2609 1219 2680 sciat
1229 2610 1322 2698 ipsos

196 2729 307 2786 vestra
331 2719 498 2790 Serenitas
524 2722 647 2790 diuitiis
671 2723 863 2792 habundare
897 2722 1070 2792 occasione
1095 2718 1322 2806 ‘quadraginta

197 2824 390 2912 Regnorum,
409 2848 471 2912 que
487 2851 546 2918 per
562 2833 652 2918 ipsos
668 2833 896 2898 exterminium
913 2838 991 2898 suut
1007 2833 1157 2916 experte,
1167 2823 1253 2912 quod
1263 2843 1323 2912 per

197 2933 364 3004 interitum
382 2939 556 3006 eorundem
574 2935 692 3026 viginti
708 2941 822 3024 Regna
840 2938 982 3006 exaltari
1001 2941 1138 3024 possunt
1153 2931 1278 3002 diuitiis
1292 2938 1326 3000 et

198 3034 333 3112 honore.
349 3045 509 3116 Nunoium
526 3048 631 3116 eciam
647 3054 806 3132 nostrum,
818 3067 914 3133 quem
929 3045 974 3114 ad
989 3051 1134 3113 vestram
1148 3058 1324 3130 personam

198 3150 417 3236 destinamus,
442 3155 537 3222 nobis
552 3157 673 3224 remitti
687 3157 832 3244 petimus
848 3155 1061 3237 festinanter,
1087 3158 1123 3218 ut
1147 3149 1189 3220 de
1214 3151 1326 3216 restro

198 3257 378 3345 peripsum
395 3281 550 3346 processu
566 3261 695 3348 plenius
713 3263 876 3352 expedito,
889 3259 1115 3330 collectionem
1130 3265 1279 3326 nestram
1292 3256 1325 3322 et

199 3383 366 3434 occursum
383 3368 477 3437 robis
492 3365 718 3439 honorabilem
735 3387 962 3458 preparemus.
992 3366 1114 3433 Nostro
1138 3365 1252 3449 itaque
1275 3367 1327 3430 cst

199 3473 407 3543 intenciouis.
420 3487 530 3546 vestre
555 3479 734 3546 Serenitati
759 3475 840 3546 talia
862 3477 925 3544 hee
950 3473 1160 3544 neeeseieatis
1179 3461 1328 3559 tempere

202 3581 360 3668 obsequia
376 3584 540 3668 exhibere,
551 3607 610 3674 per
626 3607 692 3673 que
706 3586 749 3654 ad
764 3581 930 3666 universa,
947 3603 1011 3672 que
1027 3582 1122 3650 nobis
1139 3579 1324 3668 expediunt,

198 3707 296 3865 persa
307 3692 415 3886 (nobis
441 3695 512 3762 rice
538 3697 610 3763 sitis
636 3695 777 3783 expositi
788 3701 820 3761 et
835 3695 952 3780 parati.
969 3693 1094 3760 Datum
1111 3689 1226 3759 Wicne
1240 3687 1318 3758 Idus

223 3795 291 3864 unii
324 3797 436 3888 1241).

203 3971 359 4049 (Rormayr
372 3961 451 4049 utto,
463 3973 593 4039 Goldene
602 3979 729 4038 Chronik
740 3995 798 4038 ren
809 3973 1241 4048 Hebenschrrangaudittnehen
1252 3970 1323 4030 ists

393 4067 398 4082 ⁸
594 4069 631 4128 11.
646 4075 718 4126 esst.
738 4067 781 4126 66.
794 4067 814 4124 l.
830 4067 932 4141 cussa)
986 4067 989 4070 ’

642 4283 887 4312 pau-*m*
