3154 5030
688 296 848 406 ..HL

206 494 354 560 claratas
382 495 582 578 restituerit,
608 503 778 581 recuperet
802 495 1063 580 possessionem
1090 496 1237 583 alioquin
1268 519 1331 586 pos

207 619 329 669 anuum
343 603 457 692 Albas
467 601 627 668 efficietur
643 623 739 670 uerus
755 620 937 688 possessor.

316 743 392 800 VIII.
406 742 497 816 (1236.
512 745 661 816 Angustus
676 743 772 818 l-jdn.)

315 855 394 922 Post
409 855 471 921 bee
487 858 601 924 iterum
617 857 752 941 petebat
768 856 881 925 Abbas
907 854 948 926 de
974 856 1097 924 Sancta
1116 857 1219 928 eruce
1228 908 1238 944 ‚
1264 859 1336 929 fieri

208 961 460 1047 publicationem
477 963 607 1029 testium
624 963 684 1029 sub
699 963 765 1032 bac
779 965 894 1031 iorm'a.

314 1071 386 1155 Ego
411 1069 524 1138 Abbas
550 1071 592 1138 de
617 1073 740 1139 Sancta
765 1073 870 1140 Grues
896 1079 972 1158 peto
989 1073 1050 1139 sub
1068 1073 1226 1160 religione
1247 1075 1334 1145 iura·

210 1178 309 1245 menti
335 1181 407 1245 sine
431 1177 546 1246 fraude
572 1184 604 1246 el
628 1177 704 1247 dolo
720 1179 909 1246 rationabili
925 1176 1102 1266 de'causa3
1119 1183 1219 1250 timeo
1234 1183 1331 1271 eninr,

206 1285 620 1371 periculumEcclesiemee
630 1294 762 1374 propter
772 1287 1036 1355 nimiammoram
1046 1295 1078 1354 et
1088 1289 1334 1358 diuturnitatem

217 1395 373 1477 temporis
393 1393 426 1458 in
446 1395 666 1480 protractione
692 1394 911 1463 controuersia
934 1393 1032 1463 buius
1042 1394 1220 1464 imminere.
1232 1395 1337 1484 Vnde,

209 1500 468 1586 reprobationis
484 1501 580 1585 copia
594 1500 693 1567 michi
708 1501 849 1569 fortuitis
866 1499 997 1571 casibus
1013 1503 1233 1582 subtrahatur,
1258 1525 1333 1593 sup-

209 1605 342 1692 pliciter
355 1614 443 1692 peto,
464 1613 499 1673 ut
515 1615 616 1674 testes
627 1627 731 1692 sones,
753 1609 992 1694 ualitudinarii,
1019 1609 1061 1676 de
1078 1631 1216 1694 quorum
1231 1619 1335 1681 morta

211 1723 243 1783 ct
267 1715 422 1782 absentia
446 1717 545 1782 timeo
570 1715 740 1801 diuturna,
766 1722 842 1783 ante
860 1717 951 1785 litem
968 1723 1184 1785 contestatam
1201 1719 1333 1787 anobis

211 1823 422 1909 recipiantur,

321 1965 372 2021 IX.
386 1963 479 2036 (1236.
492 1962 617 2036 August.
631 1963 729 2037 l-jen.)

319 2077 389 2144 Hee
406 2083 456 2145 cst
471 2075 713 2146 interlocutoria
728 2075 880 2148 iudicum.

317 2187 356 2252 ln
372 2183 502 2252 nomine
513 2186 622 2252 Patris
638 2190 671 2250 et
686 2183 744 2250 lilii
761 2190 793 2251 et
803 2183 946 2268 ,Spiritus
960 2183 1052 2251 Santi
1068 2184 1183 2253 Amen.
1199 2184 1270 2252 Nos
1286 2183 1334 2252 iu-

211 2294 301 2362 dices
327 2292 472 2378 delegati
496 2291 763 2378 interloquimur,
787 2291 979 2376 petitionem
999 2289 1139 2360 Abbatis
1155 2290 1196 2359 de
1212 2293 1335 2362 Sancte

207 2403 311 2471 cruce
334 2401 564 2468 rationabilem
589 2419 663 2470 csse
688 2405 721 2466 et
745 2398 819 2466 ideo
838 2397 1083 2466 admittendam.
1116 2397 1209 2466 Vnde
1225 2405 1326 2468 testes

214 2528 292 2580 suos
308 2526 414 2592 senes,
426 2507 688 2592 ualitudinarios,
704 2527 763 2594 per
773 2525 907 2591 quorum
922 2513 1058 2574 mortem
1074 2507 1167 2573 timet
1183 2505 1249 2572 sibi
1263 2527 1335 2593 pre·

208 2615 362 2684 iudicium
379 2615 550 2701 generari,
567 2614 718 2682 duximus
736 2633 809 2682 csse
825 2614 1026 2699 audiendos,
1043 2613 1091 2680 ita
1105 2611 1283 2697 duntaxat,
1300 2618 1335 2678 nt

210 2730 287 2791 ante
312 2721 565 2810 publicationem
591 2723 723 2790 testium
748 2720 950 2788 denuntiatio
975 2719 1033 2787 fiat
1057 2718 1100 2787 ad
1124 2719 1254 2786 domum
1269 2719 1335 2784 iam

214 2832 294 2900 dicti
310 2833 371 2918 W,
388 2838 424 2898 ut
435 2833 490 2898 uel
501 2815 503 2820 ¹
514 2832 626 2898 ueniat
649 2833 703 2898 uel
727 2832 938 2918 responsales
963 2831 1073 2897 mittat
1088 2827 1132 2894 ad
1146 2827 1333 2914 productio·

208 2960 282 3007 nem
293 2942 437 3008 testium.
453 2939 527 3007 Hac
543 2947 651 3006 autem
669 2939 915 3014 denuntiatione
932 2939 1032 3021 iacta,
1050 2935 1119 3003 sine
1135 2936 1246 3002 ueniat
1263 2935 1334 3002 siue

211 3068 276 3115 non
301 3046 431 3134 ueniat,
456 3067 517 3114 nos
542 3053 644 3116 testes
655 3035 893 3115 nichillominus
920 3043 1089 3112 audiemus
1107 3049 1141 3110 et
1155 3042 1189 3108 in
1205 3041 1335 3128 scriptis

210 3153 349 3224 fideliler
365 3156 501 3223 redacta
526 3162 559 3223 et
584 3155 703 3241 sigillis
718 3153 839 3223 nostris
857 3155 971 3222 clausa
987 3171 1090 3236 usque
1106 3148 1150 3218 ad
1167 3156 1296 3236 tempus
1313 3167 1334 3212 a

210 3261 279 3330 iure
296 3259 462 3331 definitum
478 3265 727 3332 reseruabimus.

232 3467 236 3478 .
311 3403 355 3474 Χ.
370 3401 449 3475 (Sine
463 3402 554 3474 dato.)

318 3513 602 3581 Reuerendissimo
627 3515 661 3579 in
687 3511 816 3578 chriae
842 3510 878 3575 F.
895 3507 1018 3576 Abbati
1032 3505 1202 3575 Scotorum
1219 3507 1253 3574 in
1270 3501 1334 3574 Wi·
1393 3542 1400 3559 ·

211 3642 297 3692 enne
307 3673 317 3708 ,
343 3619 401 3688 Ob.
430 3620 725 3712 Newinburgensis
742 3617 932 3704 Propositus
949 3617 1089 3686 salntem
1107 3623 1140 3684 et
1155 3615 1331 3684 fraternam

210 3735 244 3800 in
269 3729 409 3818 Domino
436 3729 618 3796 caritatem.
644 3727 858 3796 Commissum
875 3727 1039 3795 uobiscum
1055 3745 1077 3793 e
1092 3727 1177 3795 Sede
1193 3727 1334 3812 Aposto-

210 3841 277 3907 lioa
302 3855 435 3906 oausam
460 3834 649 3921 babuimus,
676 3853 739 3919 que
763 3833 896 3903 uertitur
920 3836 1006 3904 inter
1029 3835 1191 3904 Abbatem
1213 3836 1334 3902 Sancte

211 3945 326 4015 (lruois
343 3951 376 4013 et
390 3929 553 4011 dominum
564 3943 614 4009 W.
625 3943 668 4010 de
685 3941 787 4022 Onen3
805 3943 856 4010 cui
872 3941 1076 4012 discutiende
1091 3942 1253 4010 interesse
1269 3961 1334 4008 non

210 4073 381 4144 possumus
390 4104 400 4139 ,
420 4060 488 4120 tum
505 4053 590 4138 quod
613 4052 849 4137 condelegatus
864 4053 959 4121 nobis
970 4058 1021 4120 est
1037 4053 1194 4119 Decanus
1209 4055 1333 4132 noster,
1447 4109 1453 4120 .

209 4172 243 4230 et
267 4181 405 4231 necesse
431 4167 482 4229 est
506 4163 642 4230 alterum
667 4183 709 4229 er
734 4162 828 4229 nobis
856 4179 983 4248 semper
1000 4159 1119 4228 adesse
1144 4166 1177 4226 et
1200 4175 1335 4243 preesse

211 4269 396 4351 conuentni,
413 4275 480 4337 tum
505 4269 591 4354 quod
606 4277 741 4357 propter
755 4270 876 4336 malum
892 4273 1013 4336 statum
1030 4271 1116 4336 terre
1131 4269 1282 4350 oportet,
1299 4271 1335 4330 ut

210 4399 385 4451 caveamus
410 4379 526 4448 honori
551 4387 664 4448 nostro
680 4378 861 4446 studiosius
887 4385 921 4446 ot
943 4395 1096 4462 persone.
1124 4373 1240 4442 ‘Vieem
1257 4391 1334 4456 ergo

208 4497 353 4558 nostram
370 4497 403 4558 et
418 4488 611 4556 auctoritem
626 4489 761 4555 Decano
772 4491 884 4554 nostro
899 4485 998 4569 plene
1015 4480 1221 4563 demittimus,
1237 4477 1336 4546 dictis

215 4595 257 4665 de
273 4597 381 4666 causis
397 4593 578 4666 dirimenda
592 4595 644 4662 liti
658 4613 723 4660 non
739 4591 899 4661 audentes
915 4587 1135 4676 personaliter
1161 4585 1334 4661 iuteresse.
