3220 5058
839 271 884 340 34

789 359 930 373 --

293 496 357 562 quo
368 474 527 543 dictorum
538 473 675 542 Abbatis
686 477 718 538 et
729 471 914 538 Conventus
930 461 1098 555 proposuit
1113 467 1314 548 procurator,
1325 461 1412 546 qnod

291 583 533 668 impedimentis
543 581 694 648 detentus
704 579 858 663 legitimis
869 571 932 644 nec*
940 573 1151 660 exceptiones
1162 569 1414 657 probarepotuit

291 691 576 780 supradictas,nec
585 689 781 756 sufficienter
790 690 966 756 instructus
976 685 1009 750 in
1020 682 1192 766 assignato
1203 678 1265 746 sibi
1275 678 1413 748 termino

291 820 488 886 comparere.
516 795 609 865 Unde
625 795 871 881 adprobandus
889 792 1101 878 exceptiones
1118 788 1252 855 easdem
1268 794 1336 852 tam
1352 806 1412 870 per

287 916 411 991 testes,
437 927 532 990 quam
559 923 617 990 per
642 907 875 990 instmmenta,
900 903 999 970 etiam
1015 919 1081 968 non
1097 900 1248 965 obstante
1264 893 1411 981 predicta

289 1011 543 1099 interlocutoria,
554 1013 597 1078 de
613 1013 682 1078 iure
699 1013 860 1079 communi
876 1031 934 1076 seu
950 1029 1009 1095 per
1026 1003 1218 1073 beneficium
1233 1004 1409 1071 restitutio·

279 1125 339 1202 ¹nis
355 1123 388 1188 in
405 1125 567 1206 integrum
583 1121 775 1205 postulabat
791 1117 936 1202 admitti,
954 1121 1165 1202 procuratore
1182 1112 1283 1196 ipsius
1299 1109 1408 1178 Ultra-

288 1229 427 1314 silvani,
445 1227 581 1312 quodid
597 1227 666 1294 deri
682 1249 745 1295 non
763 1227 916 1310 deberet,
942 1223 1164 1310 multipliciter
1179 1218 1409 1306 respondente.

288 1337 369 1404 cum
394 1345 504 1403 autem
530 1355 627 1421 super
650 1335 820 1420 premissis
846 1353 956 1404 coram
979 1331 1130 1399 auditore
1148 1327 1278 1414 pretato
1295 1327 1410 1394 fuisset

287 1445 409 1512 diutius
435 1445 648 1527 altercatum,
678 1465 738 1510 nos
770 1443 945 1510 intellectis
970 1459 1029 1526 per
1055 1437 1184 1503 fidelem
1216 1437 1408 1503 relationem

287 1553 408 1637 ipsius,
434 1571 497 1636 que
522 1551 612 1618 fuere
628 1552 798 1639 proposita
814 1573 926 1618 coram
943 1569 1000 1634 eo;
1028 1546 1235 1614 attendentes
1259 1551 1409 1611 neutram

287 1659 488 1742 questionem
506 1659 649 1744 ipsarum
668 1660 836 1726 remissam
850 1677 924 1726 csse
936 1659 984 1724 sic
995 1653 1198 1724 sufficienter
1208 1655 1409 1736 instructam,

286 1765 373 1848 quod
390 1765 434 1832 ad
450 1765 658 1834 diffinitivam
678 1767 874 1834 sententium
900 1763 1080 1852 procedere
1106 1765 1308 1847 valeremus,
1334 1781 1408 1828 cum

284 1873 422 1959 quedam
448 1893 489 1940 cx
514 1875 782 1942 attestationibus
809 1875 958 1942 eiusdem
986 1871 1201 1939 Uitrasilvani
1217 1871 1408 1954 inutraque

284 1999 386 2049 causa
401 1983 544 2067 receptis
562 1983 776 2068 calumpniam
791 1987 999 2068 paterentur,
1026 2001 1067 2048 ex
1094 1999 1133 2046 eo
1159 1977 1248 2064 quod
1274 1977 1406 2062 quidam

284 2090 415 2157 testium
430 2091 651 2174 predictorum
666 2092 790 2176 recepti
807 2089 850 2156 ab
866 2109 924 2171 eo,
942 2090 996 2174 qui
1011 2094 1209 2176 potestatem
1227 2085 1408 2172 recipiendi

161 2257 166 2262 .
285 2215 348 2262 non
364 2195 479 2290 habuit
488 2248 497 2283 ,
516 2197 710 2283 extiterunt,
737 2205 769 2264 et
786 2197 988 2282 quorundam
1004 2197 1093 2264 dicta
1109 2196 1248 2261 fuissent
1264 2195 1407 2278 perium

285 2302 362 2369 dicti
387 2305 570 2373 Penestrini
593 2305 864 2372 interlocutoriam
882 2305 1076 2391 reprobata,
1101 2305 1143 2372 de
1167 2303 1285 2386 quibus
1309 2301 1408 2388 plene

284 2409 369 2478 seire
387 2413 591 2496 nequivimus
616 2415 807 2499 veritatem,
835 2413 875 2480 de
900 2413 1066 2496 utriusque
1090 2411 1195 2497 partis
1219 2419 1407 2496 procurato·

284 2537 353 2584 rum
379 2539 517 2588 assensu
541 2520 733 2588 mandamus
745 2571 754 2607 ,
781 2527 940 2604 quatenus
966 2517 1092 2586 vocatis
1116 2517 1170 2602 qui
1194 2525 1328 2603 propter
1343 2518 1406 2584 hoc

284 2621 404 2692 fuerint
420 2629 589 2712 evocandi,
602 2629 694 2696 vobis
711 2627 936 2715 depositiones
952 2633 1153 2712 receptorum
1169 2627 1300 2693 testium
1316 2625 1405 2692 exbi-

170 2771 180 2790 ·
281 2733 362 2818 beri,
380 2741 413 2800 et
427 2735 504 2802 illas
521 2755 602 2818 quas
618 2737 856 2803 rationabiliter
872 2730 1105 2822 approbandas
1121 2733 1276 2818 videritis,
1293 2753 1405 2820 repro-

281 2841 369 2907 batis
384 2843 520 2926 reliquis
536 2845 740 2931 appobentes
749 2895 758 2930 ,
776 2863 817 2910 ac
832 2845 975 2930 receptis
991 2841 1259 2930 probationibus,
1275 2845 1303 2910 si
1319 2861 1403 2928 quas

281 2955 392 3034 partes
408 2947 450 3015 de
464 2951 536 3018 iure
552 2951 763 3037 produxerint
779 2973 887 3019 coram
903 2951 1016 3037 robis,
1042 2959 1076 3019 et
1101 2951 1222 3018 auditis
1236 2951 1312 3018 hinc
1328 2952 1403 3018 inde

279 3058 476 3144 propositis,
491 3065 662 3143 utrumque
678 3061 861 3146 negotium,
888 3059 916 3127 si
932 3061 973 3128 dc
989 3061 1130 3146 partium
1146 3063 1315 3127 voluntate
1330 3079 1401 3144 pro

280 3167 436 3251 cesserit,
453 3165 572 3236 iudicio
589 3169 641 3237 vel
658 3167 834 3236 concordia
850 3169 1053 3252 terminetis,
1079 3187 1119 3233 ac
1135 3165 1269 3234 faciatis
1278 3217 1288 3251 ,
1314 3165 1400 3253 quod

278 3273 459 3342 statueritis
484 3282 546 3344 etc.
577 3276 732 3360 Alioquin
748 3275 864 3344 eadem
881 3278 1015 3359 negotia
1030 3273 1230 3342 sufficienter
1245 3275 1403 3342 instructa

276 3381 321 3448 ad
335 3389 480 3451 nostrum
496 3385 672 3452 remittatis
689 3405 827 3453 examen
838 3435 848 3470 ,
873 3381 997 3470 prolixo
1021 3383 1169 3469 partibus
1194 3383 1332 3449 termino
1345 3401 1402 3466 pe·

278 3491 464 3577 remptorio,
482 3492 565 3559 leste
582 3492 736 3561 videlicet
751 3493 847 3559 Beati
862 3492 1034 3559 Michaelis
1050 3492 1197 3578 proxime
1211 3490 1325 3574 futuro,
1337 3509 1400 3572 quo

279 3616 349 3662 curn
367 3596 450 3662 actis
460 3647 468 3680 ,
486 3599 691 3668 munimentis
709 3607 742 3668 ct
756 3599 939 3667 rationibus
960 3599 1028 3665 suis
1055 3603 1265 3683 compareant
1289 3615 1398 3664 coram

277 3701 372 3770 nobis
395 3703 500 3772 iustas
525 3712 656 3773 auctore
680 3709 753 3773 Deo
779 3709 962 3774 sententias
987 3707 1147 3774 auditore.
1180 3705 1276 3787 Quod
1291 3705 1321 3771 si
1335 3723 1400 3770 non

277 3829 409 3893 omnes,
426 3818 461 3877 tu
478 3831 537 3896 ee,
553 3812 655 3880 irater
670 3814 835 3900 Episcupe
852 3822 916 3885 etc.
947 3816 1067 3882 Datum
1085 3812 1226 3881 viterbii
1242 3813 1315 3880 XV.
1330 3812 1400 3878 kal.

276 3917 435 4004 ianuarii,
453 3915 682 4004 (Pontificatus
698 3917 816 4010 nostri)
834 3939 920 3988 anno
937 3941 1032 3989 nono.

354 4129 417 4204 (rx.
432 4127 556 4205 eergery
569 4111 647 4206 pepe
660 4129 845 4208 Rogesttibcl
858 4133 1034 4192 bustuario.
1048 4151 1084 4188 m.
1097 4132 1118 4188 l.
1132 4133 1191 4188 sos
1205 4132 1266 4187 ιιι.
1283 4131 1315 4204 1.)

742 4418 971 4426 Η--ι--ψ-
