3010 5024
608 955 686 1023 2⁰⁰.

1 1189 2 1268 J
93 1167 117 1231 I
120 1165 156 1233 V.
177 1168 306 1236 Sdcdor
317 1172 406 1256 pdpa
422 1168 445 1233 I
447 1167 481 1234 V.
498 1168 581 1234 Bcta
605 1168 725 1256 kirdlyt
752 1171 823 1255 inti,
848 1171 928 1260 kopp
954 1195 993 1238 aa
1018 1177 1110 1260 atpp'a
1136 1172 1219 1239 attat

1 1373 2 1384 ἵ
97 1272 161 1339 oda
176 1275 256 1361 ipat
273 1299 341 1342 ezer
355 1285 439 1341 cadat
462 1276 583 1378 pirata
600 1278 806 1360 jeruzaalcmi
832 1301 872 1345 az.
891 1279 1215 1366 jdooa-aacilloddnak

1 1389 2 1414 l
495 1383 606 1468 fiscane
620 1384 665 1448 ki.
689 1387 788 1453 1258.

202 1577 389 1645 Alexander
405 1579 587 1665 Episcopus
604 1587 667 1666 etc,
684 1581 855 1650 carissimo
882 1584 915 1650 in
932 1585 1061 1654 Christo
1072 1585 1139 1652 filio
1156 1635 1164 1653 .
1181 1633 1189 1650 .
1206 1635 1214 1652 .

1 1681 2 1740 ἶ
94 1679 179 1764 Regi
194 1679 342 1766 Ungarie
356 1685 480 1752 illustri
496 1687 635 1753 salutem
651 1693 713 1753 etc.
744 1689 799 1757 Ad
813 1697 902 1756 tuam
923 1692 1111 1759 memoriam
1134 1692 1215 1758 libet

1 1809 3 1850 r
94 1784 282 1870 frequenter
297 1791 464 1877 reducere,
480 1813 541 1861 nec
556 1813 623 1860 non
639 1802 717 1862 ante
737 1805 932 1884 prospectus
956 1799 1078 1883 Regios
1105 1798 1216 1882 sepius

94 1903 303 1980 presentare,
320 1900 407 1982 quod
424 1901 510 1966 clare
526 1901 681 1968 memorie
698 1951 705 1966 .
725 1951 733 1968 .
750 1949 760 1968 .
776 1905 1013 1990 RexUngarie,
1028 1909 1121 1990 pater
1132 1911 1215 1985 tuus,

92 2008 190 2085 prout
199 2002 474 2086 magnificentiam
485 2007 640 2074 decuerat
655 2009 804 2094 Regiam,
821 2031 858 2078 se
869 2011 913 2077 ad
921 2019 1032 2096 partes
1043 2009 1214 2078 conferens

93 2113 345 2196 transmarinas,
363 2131 433 2178 cnm
449 2115 484 2179 in
501 2115 657 2200 hospitali
689 2116 803 2184 Sancti
826 2117 981 2186 Iohannis
1008 2117 1212 2184 Ierosolcmi·

92 2218 163 2284 tani
178 2219 380 2288 exhuberare
405 2221 617 2291 humanitatis
643 2225 678 2290 in
704 2245 867 2312 pauperes
893 2231 925 2292 ct
949 2225 1093 2294 infirmos
1113 2245 1213 2312 opera

91 2327 328 2413 contemplatus
343 2328 442 2395 multo
458 2331 585 2397 maiora
599 2331 725 2417 fuisset,
742 2352 838 2417 qnam
853 2335 943 2416 prius
959 2339 1153 2418 susceperat
1169 2353 1210 2402 ex

91 2427 222 2520 auditu,
263 2437 417 2504 reseratis
449 2437 538 2508 illico
569 2439 681 2506 innato
698 2441 833 2524 pictatis
858 2440 1056 2525 maneribus,
1083 2441 1212 2508 dilectis

91 2535 167 2606 filiis
199 2589 207 2606 .
236 2590 244 2606 .
272 2589 279 2606 .
311 2542 470 2624 Magistro
495 2555 528 2611 et
567 2542 722 2612 iratribus
752 2547 927 2633 hospitalis
957 2547 1095 2633 predicti
1124 2547 1212 2613 mille

91 2663 219 2714 marcas
230 2649 359 2735 argenti
370 2670 407 2717 se
423 2651 573 2718 daturum
590 2653 738 2737 promisit
754 2655 921 2720 annuatim
938 2673 978 2719 cx
995 2652 1099 2719 erario
1109 2654 1213 2735 Regni

91 2752 160 2838 aui,
176 2773 236 2840 per
252 2754 387 2823 fratrum
403 2757 545 2843 ipsorum
557 2759 810 2838 sollicitudinem
820 2768 887 2826 tam
897 2761 961 2845 piis
971 2761 1094 2842 usibus,
1112 2779 1209 2841 quam

90 2863 190 2928 ctiam
207 2869 292 2930 terre
309 2872 423 2930 sancte
439 2865 606 2947 obsequiis
622 2853 783 2950 perpetdo
802 2867 1037 2951 applicandas,
1066 2873 1162 2950 prout
1177 2867 1211 2930 in

90 2969 238 3038 ciusdem
252 2972 469 3056 progenitoris
494 2972 541 3037 tui
564 2972 736 3056 privilegio
761 2973 881 3040 exinde
907 2973 1053 3040 confecto
1080 2973 1210 3059 plenius

89 3077 204 3146 dicitur
219 3077 386 3145 contineri.
397 3063 609 3163 cogitaverat
628 3079 713 3146 enim
729 3079 814 3146 sicut
829 3080 986 3166 Princeps
1008 3080 1207 3164 (iatholicus,

90 3187 176 3268 qnod
201 3192 234 3251 ct
256 3185 480 3252 misericordia
510 3206 618 3259 comes
643 3193 694 3253 est
718 3185 952 3278 defunctorum,
978 3193 1011 3252 et
1026 3187 1209 3252 elemosina

88 3291 150 3358 viri
165 3294 260 3375 quasi
275 3295 443 3378 sacculus,
474 3294 517 3360 ad
533 3314 628 3378 quem
643 3302 782 3377 urgente
806 3295 1003 3360 necessitate
1020 3293 1207 3376 recurritur,

89 3405 139 3466 est
155 3384 227 3466 cum
243 3399 316 3484 ipso
330 3448 339 3483 ,
354 3401 495 3482 gratiam
512 3406 547 3465 ut
562 3400 724 3486 pupillam
740 3399 773 3463 in
789 3401 935 3485 presenti
951 3415 1161 3482 conservans,
1176 3403 1209 3463 et

89 3495 329 3574 retributionem
345 3506 407 3572 hiis
428 3500 621 3591 rependens,
647 3506 703 3590 qui
723 3525 797 3573 eam
821 3506 962 3589 faciunt,
987 3505 1021 3570 in
1044 3515 1207 3589 posterum

88 3610 273 3695 gloriosam.
298 3613 418 3680 Verum
433 3634 474 3679 ne
490 3614 738 3698 promissionem
760 3632 801 3678 ex
828 3619 966 3698 patema
988 3609 1207 3677 munificentia

87 3727 153 3789 tam
168 3723 341 3808 magnifice
357 3720 570 3808 prodeuntem
585 3727 659 3804 post
674 3720 779 3806 ipsius
793 3719 1011 3806 progenitoris
1036 3719 1206 3784 decessum

88 3849 128 3896 cx
144 3831 260 3916 quavis
276 3850 378 3898 causa
394 3828 526 3898 occasui
541 3827 713 3895 subiacere
733 3829 939 3912 contingeret
948 3878 957 3912 ,
982 3835 1015 3894 et
1038 3825 1205 3894 confirma·

90 3937 186 4006 tionis
203 3938 247 4006 ad
262 3946 408 4006 eternam
423 3939 473 4005 rei
496 3936 685 4005 memoriam
701 3938 796 4003 robur
812 3956 853 4002 ex
869 3944 924 4004 tuo
948 3953 1080 4002 munere
1095 3941 1205 4002 contu-

86 4045 171 4126 listi,
187 4043 274 4129 quod
289 4063 328 4111 co
344 4043 446 4138 luisse
461 4045 556 4112 nobis
583 4061 766 4127 cognoscas
792 4042 981 4128 acceptius,
1008 4061 1073 4124 quo
1098 4040 1205 4125 magis

85 4173 259 4240 personam
273 4161 362 4219 tuam
379 4151 556 4238 potioribus
573 4149 661 4234 apud
675 4151 782 4216 Deum
797 4149 904 4216 iuvari
928 4148 1052 4215 meritis
1069 4154 1203 4230 exopta-

85 4281 165 4330 mus.
189 4260 257 4328 Sed
282 4259 394 4326 mirari
422 4257 584 4341 cogimur,
615 4275 682 4321 non
697 4253 856 4322 immerito
881 4263 913 4323 et
936 4253 1059 4322 moveri
1070 4301 1080 4336 ,
1106 4253 1202 4318 intel-

85 4371 188 4453 lecto,
205 4367 292 4454 quod
306 4365 503 4453 promissum
517 4362 702 4432 huiusmodi
717 4363 840 4430 eisdem
854 4363 1012 4448 Magistro
1038 4365 1071 4425 et
1097 4357 1202 4432 iratri-

83 4479 143 4547 bus
159 4473 396 4562 quodammodo
411 4473 645 4542 infructuosum
660 4469 815 4557 redditur,
832 4472 909 4538 dum
920 4465 1201 4547 SerenitasRegia
1230 4557 1232 4562 Ι

83 4585 240 4670 requisita
256 4603 354 4670 super
370 4583 431 4652 hoc
448 4583 490 4652 ab
508 4582 556 4650 eis
572 4579 706 4668 pluries,
724 4585 757 4646 at
776 4577 976 4663 Apostolicis
993 4573 1090 4642 etiam
1115 4573 1200 4666 exci-
