3220 5058
181 909 239 975 iit
255 907 391 996 Gergely
401 911 494 995 pcipe
509 904 629 973 Aaaect
637 957 648 992 ,
673 931 712 973 aa
737 909 851 975 oldhok
866 913 897 976 dr
912 909 1062 998 bolpdrok
1086 913 1302 1001 oralkodoq'dt,

395 1013 531 1102 apostoli
544 1015 821 1106 kcvajovarottrtt
836 1019 965 1084 creso.
992 1019 1090 1085 1237.

289 1195 467 1280 Gregorius
480 1194 663 1280 Episcopus
679 1201 739 1260 etc.
755 1194 874 1262 dilecto
890 1195 956 1264 lilio
974 1197 1076 1264 nobili
1091 1199 1161 1265 viro
1172 1197 1303 1267 Assano

183 1303 323 1372 Domino
348 1301 542 1370 blachorum
569 1307 602 1370 et
626 1301 840 1387 Bulgarorum
863 1303 1004 1370 salutem
1020 1311 1085 1372 eto.
1114 1305 1304 1371 Nobilitatis

182 1419 237 1479 tue
253 1413 382 1478 litteras
396 1410 537 1496 benigne
553 1410 746 1496 recepimus,
756 1417 861 1496 etque
878 1412 1127 1487 continebantur
1142 1411 1176 1477 iu
1193 1413 1242 1478 eis
1258 1412 1305 1477 in·
1361 1440 1364 1447 ·

183 1520 369 1586 telleximus
390 1519 585 1604 diligenter,
611 1518 818 1586 devotionem
835 1527 925 1586 tuam
940 1521 973 1586 in
989 1521 1127 1587 Domino
1144 1539 1305 1588 commen-

184 1628 311 1712 dantes,
328 1647 368 1694 ac
383 1633 622 1713 prosequentes
638 1628 822 1694 actionibus
838 1629 1016 1712 gratiarum
1032 1649 1091 1714 pro
1108 1649 1157 1714 eo,
1168 1629 1256 1712 quod
1271 1629 1306 1694 in

183 1737 375 1804 humilitatis
401 1736 574 1821 spiritate
598 1736 669 1802 Deo
695 1742 727 1802 et
752 1736 900 1802 Ecclesie
925 1737 1072 1805 Romane
1087 1757 1191 1822 prona
1208 1736 1305 1802 devo·

183 1845 271 1912 tione
288 1845 519 1932 substernens,
544 1845 847 1928 magnanimitatem
863 1851 952 1912 tuam
968 1847 1064 1913 nobis
1080 1847 1237 1934 placitam
1253 1863 1304 1912 sa·
1430 1857 1431 1862 ’

184 1953 270 2039 gatis
280 1952 444 2019 exhibere.
461 1953 609 2020 Ceterum
618 1971 702 2036 cum,
720 1953 804 2019 sieut
820 1953 994 2020 exlitteris
1010 1955 1090 2040 ipsis
1108 1953 1304 2040 accepimus,

184 2079 359 2147 personam
374 2059 600 2126 honorabilem
616 2065 649 2125 et
665 2060 934 2145 circumspectam
950 2059 993 2127 ad
1009 2059 1215 2128 tractandum
1232 2081 1305 2128 curn

184 2187 226 2238 ea
241 2169 283 2235 de
298 2173 388 2236 statu
403 2165 537 2251 Imperii
553 2172 586 2232 et
602 2167 744 2233 civitatis
760 2166 1130 2255 Constantonopolitane
1147 2170 1187 2236 de
1203 2171 1306 2237 latere

185 2284 295 2345 nostro
321 2276 492 2344 desideras
519 2267 695 2362 destinari,
727 2295 804 2344 ecce
834 2277 1056 2346 venerabilem
1088 2278 1222 2347 fratrem
1250 2300 1306 2346 no-

185 2391 288 2456 strum
304 2435 311 2453 .
330 2439 339 2459 .
355 2435 362 2454 .
380 2384 580 2473 Episcopum
595 2385 806 2470 Perusinum,
832 2386 936 2454 virum
952 2388 1063 2472 utique
1078 2389 1306 2476 approbatum,

186 2493 367 2561 htterarum
381 2495 520 2561 scientia
536 2493 696 2580 preditum
721 2503 754 2561 et
777 2515 902 2562 morum
920 2496 1095 2564 honestate
1110 2497 1307 2581 preclarum,

189 2601 364 2672 discretum
388 2609 421 2672 et
443 2602 615 2692 providum
639 2591 680 2673 ac
706 2605 800 2672 nobis
827 2610 860 2671 et
886 2603 1039 2689 fratribus
1055 2609 1176 2673 nostris
1192 2605 1308 2672 merito

188 2729 247 2778 sue
261 2711 433 2797 probitatis
450 2721 640 2798 acceptum,
657 2711 826 2802 adportes
843 2713 977 2780 easdem
993 2715 1167 2782 commisso
1183 2713 1246 2781 sibi
1263 2715 1306 2780 le-

186 2819 329 2902 gationis
345 2818 451 2886 officio
469 2821 671 2906 providimus
696 2819 945 2907 destinandum,
972 2822 1027 2906 qui
1043 2844 1064 2889 a
1079 2823 1176 2889 nobis
1192 2824 1309 2889 instru-

187 2930 258 2994 ctus
271 2934 341 2996 tam
358 2927 500 2994 deterre
517 2929 638 2996 Sancte
664 2935 697 2996 et
721 2931 938 3016 predictorum
953 2931 1086 3017 Imperii
1101 2949 1141 2998 ac
1158 2929 1309 2998 Civitatis

188 3034 551 3123 Constantinopolitano
567 3037 725 3122 subsidio,
747 3058 843 3121 quam
860 3038 902 3108 de
918 3041 993 3106 aliis
1010 3039 1171 3107 universis
1187 3046 1220 3105 te
1236 3038 1310 3104 red-

187 3141 264 3210 dere
280 3145 476 3226 certionem,
502 3165 542 3211 ae
565 3153 672 3212 tecum
689 3147 731 3214 de
747 3146 811 3214 hiis
826 3148 930 3233 plene
941 3147 1125 3215 deliberare
1141 3143 1262 3232 poterit
1277 3151 1310 3210 et

186 3257 339 3319 tractare.
364 3253 403 3318 In
427 3253 575 3340 proximo
601 3253 698 3320 enim
713 3261 845 3320 auctore
870 3251 1150 3320 Dominoeisdem
1168 3258 1311 3318 terreae
1395 3309 1399 3317 .

188 3357 328 3445 Imperio
343 3367 410 3427 tam
426 3381 485 3447 per
500 3362 765 3447 crucesignatos,
790 3381 923 3446 quorum
943 3382 1002 3448 per
1018 3359 1081 3425 Dei
1097 3359 1239 3445 gratiam
1260 3367 1311 3426 est

118 3455 120 3459 ⁸
188 3468 333 3536 maxima
349 3469 530 3556 multitudo,
547 3489 646 3554 quarn
661 3489 720 3555 per
731 3469 816 3536 alios
827 3467 947 3536 Christi
958 3468 1072 3535 fideles
1082 3469 1115 3534 iu
1125 3467 1202 3534 forti
1212 3486 1311 3533 manu

189 3583 222 3641 et
246 3583 378 3644 extento
404 3575 538 3644 brachio
562 3585 758 3646 succuretur.
774 3577 921 3662 Ideoque
936 3577 1141 3644 nobilitatem
1157 3581 1246 3642 tuam
1261 3597 1311 3644 ro-

188 3682 333 3769 gandam
348 3685 499 3750 duximus
515 3691 640 3752 attente
657 3691 688 3750 et
703 3684 908 3771 mouendam,
925 3687 1131 3770 mandantes,
1151 3693 1312 3770 quatenus

189 3792 331 3860 eundem
340 3793 549 3880 Episcopum,
561 3813 632 3862 cum
649 3797 692 3864 ad
707 3801 739 3862 te
755 3796 891 3882 venerit,
908 3797 973 3863 imo
989 3816 1048 3864 nos
1065 3796 1097 3862 in
1113 3799 1185 3884 ipso
1201 3795 1311 3864 verius

190 3902 333 3986 benigne
348 3901 509 3988 recipiens
526 3911 559 3971 et
574 3903 711 3973 honeste
727 3912 953 3992 pertractans,
979 3923 1041 3988 que
1065 3905 1126 3972 tibi
1151 3924 1192 3972 ex
1218 3907 1313 3989 parte

189 4016 304 4077 nostra
319 4011 450 4078 dmerit
469 4011 681 4100 exponenda,
706 4015 840 4082 eredere
863 4012 999 4106 studeas
1014 4019 1049 4080 et
1062 4012 1240 4081 efficaciter
1255 4011 1312 4078 ad·

190 4119 336 4205 implere.
368 4121 503 4188 Interim
527 4129 638 4190 autem
664 4124 773 4192 taliter
789 4124 936 4192 elabores
951 4123 1128 4209 prestando
1142 4120 1312 4189 carissimo

188 4227 226 4295 in
241 4226 372 4295 Christo
386 4227 454 4296 filio
471 4237 582 4298 uostm
600 4230 624 4297 Ι.
643 4230 1004 4316 Constantinopolitano
1020 4228 1213 4318 Imperatori
1236 4229 1313 4296 Illu-

188 4335 252 4404 stri
266 4337 444 4424 auxilium,
461 4339 629 4406 consilium
646 4348 680 4408 et
695 4337 861 4427 favorem,
878 4361 941 4426 quo
956 4345 989 4408 te
1005 4338 1207 4436 Catholicnm
1224 4337 1312 4406 Prin·

188 4444 299 4530 cipem
325 4453 358 4514 et
375 4447 564 4535 Apostolice
580 4445 676 4516 Sedis
702 4449 854 4516 deuotum
868 4447 970 4517 lilium
986 4454 1020 4516 ot
1034 4447 1165 4516 fidelem
1180 4465 1312 4534 operum

187 4552 393 4626 exhibitione
410 4557 632 4641 demonstres,
657 4577 697 4625 ac
721 4575 782 4626 uos
806 4558 1005 4628 sinceritatis
1019 4563 1075 4626 tue
1090 4556 1195 4624 celum
1211 4553 1313 4642 poari-
