<?xml version="1.0" encoding="UTF-8"?>
<!DOCTYPE html PUBLIC "-//W3C//DTD XHTML 1.0 Transitional//EN"
    "http://www.w3.org/TR/xhtml1/DTD/xhtml1-transitional.dtd">
<html xmlns="http://www.w3.org/1999/xhtml" xml:lang="en" lang="en">
 <head>
  <title>
</title>
<meta http-equiv="Content-Type" content="text/html;charset=utf-8" />
  <meta name='ocr-system' content='tesseract 3.04.00' />
  <meta name='ocr-capabilities' content='ocr_page ocr_carea ocr_par ocr_line ocrx_word'/>
</head>
<body>
  <div class='ocr_page' id='page_1' title='image "./codexdiplomatic11wenzgoog_0093.png"; bbox 0 0 3282 5032; ppageno 0'>
   <div class='ocr_carea' id='block_1_1' title="bbox 778 345 940 355">
    <p class='ocr_par' dir='ltr' id='par_1_1' title="bbox 778 345 940 355">
     <span class='ocr_line' id='line_1_1' title="bbox 778 345 940 355; baseline 0.012 -2"><span class='ocrx_word' id='word_1_1' title='bbox 778 345 940 355; x_wconf 58' lang='grc'><strong>*-</strong></span> 
     </span>
    </p>
   </div>
   <div class='ocr_carea' id='block_1_2' title="bbox 286 446 1417 646">
    <p class='ocr_par' dir='ltr' id='par_1_2' title="bbox 286 446 1417 646">
     <span class='ocr_line' id='line_1_2' title="bbox 286 446 1417 545; baseline -0.007 -23"><span class='ocrx_word' id='word_1_2' title='bbox 286 471 370 522; x_wconf 87' lang='lat' dir='ltr'><strong>mus</strong></span> <span class='ocrx_word' id='word_1_3' title='bbox 383 453 417 521; x_wconf 90' lang='lat' dir='ltr'><strong>in</strong></span> <span class='ocrx_word' id='word_1_4' title='bbox 433 451 573 520; x_wconf 89' lang='lat' dir='ltr'><strong>Domino</strong></span> <span class='ocrx_word' id='word_1_5' title='bbox 587 451 702 519; x_wconf 83' lang='lat' dir='ltr'><strong>merito</strong></span> <span class='ocrx_word' id='word_1_6' title='bbox 718 449 958 519; x_wconf 80' lang='lat' dir='ltr'><strong>sommenutsre.</strong></span> <span class='ocrx_word' id='word_1_7' title='bbox 976 447 1098 516; x_wconf 88' lang='lat' dir='ltr'><strong>Datum</strong></span> <span class='ocrx_word' id='word_1_8' title='bbox 1113 446 1251 545; x_wconf 81' lang='lat' dir='ltr'><strong>viterbii</strong></span> <span class='ocrx_word' id='word_1_9' title='bbox 1265 446 1417 522; x_wconf 74' lang='lat' dir='ltr'><strong>XILksl,</strong></span> 
     </span>
     <span class='ocr_line' id='line_1_3' title="bbox 294 554 946 646; baseline -0.012 -14"><span class='ocrx_word' id='word_1_10' title='bbox 294 561 394 646; x_wconf 86' lang='lat' dir='ltr'><strong>Junii,</strong></span> <span class='ocrx_word' id='word_1_11' title='bbox 409 555 636 646; x_wconf 72' lang='lat' dir='ltr'><strong>(Pontificatus</strong></span> <span class='ocrx_word' id='word_1_12' title='bbox 651 554 770 639; x_wconf 87' lang='lat' dir='ltr'><strong>nostri)</strong></span> <span class='ocrx_word' id='word_1_13' title='bbox 785 577 873 626; x_wconf 84' lang='lat' dir='ltr'><strong>anno</strong></span> <span class='ocrx_word' id='word_1_14' title='bbox 889 555 946 624; x_wconf 84' lang='lat' dir='ltr'><strong>XL</strong></span> 
     </span>
    </p>
   </div>
   <div class='ocr_carea' id='block_1_3' title="bbox 394 727 1321 810">
    <p class='ocr_par' dir='ltr' id='par_1_3' title="bbox 394 727 1321 810">
     <span class='ocr_line' id='line_1_4' title="bbox 394 727 1321 810; baseline -0.01 -15"><span class='ocrx_word' id='word_1_15' title='bbox 394 735 457 804; x_wconf 84' lang='lat' dir='ltr'><strong>(IX.</strong></span> <span class='ocrx_word' id='word_1_16' title='bbox 469 733 597 810; x_wconf 75' lang='lat' dir='ltr'><strong>Gergsly</strong></span> <span class='ocrx_word' id='word_1_17' title='bbox 607 733 685 809; x_wconf 71' lang='lat' dir='ltr'><strong>ptps</strong></span> <span class='ocrx_word' id='word_1_18' title='bbox 697 731 885 806; x_wconf 57' lang='lat' dir='ltr'><strong>&amp;guantur</strong></span> <span class='ocrx_word' id='word_1_19' title='bbox 897 731 1022 790; x_wconf 74' lang='lat' dir='ltr'><strong>&#39;l&#39;heium</strong></span> <span class='ocrx_word' id='word_1_20' title='bbox 1033 731 1072 790; x_wconf 80' lang='lat' dir='ltr'><strong>iii.</strong></span> <span class='ocrx_word' id='word_1_21' title='bbox 1084 748 1120 788; x_wconf 89' lang='lat' dir='ltr'><strong>m.</strong></span> <span class='ocrx_word' id='word_1_22' title='bbox 1136 729 1158 788; x_wconf 91' lang='lat'><strong>1.</strong></span> <span class='ocrx_word' id='word_1_23' title='bbox 1164 729 1199 786; x_wconf 81' lang='lat' dir='ltr'><strong>nr.</strong></span> <span class='ocrx_word' id='word_1_24' title='bbox 1213 727 1275 786; x_wconf 76' lang='lat'><strong>166.</strong></span> <span class='ocrx_word' id='word_1_25' title='bbox 1289 727 1321 800; x_wconf 87' lang='grc'><strong>1.)</strong></span> 
     </span>
    </p>
   </div>
   <div class='ocr_carea' id='block_1_4' title="bbox 735 1014 1016 1028">
    <p class='ocr_par' dir='ltr' id='par_1_4' title="bbox 735 1014 1016 1028">
     <span class='ocr_line' id='line_1_5' title="bbox 735 1014 1016 1028; baseline -0.007 -4"><span class='ocrx_word' id='word_1_26' title='bbox 735 1014 1016 1028; x_wconf 63' lang='lat'><em>--....-..--·--,</em></span> 
     </span>
    </p>
   </div>
   <div class='ocr_carea' id='block_1_5' title="bbox 225 1485 1398 1745">
    <p class='ocr_par' dir='ltr' id='par_1_5' title="bbox 225 1485 1398 1745">
     <span class='ocr_line' id='line_1_6' title="bbox 225 1485 1398 1620; baseline -0.001 -24"><span class='ocrx_word' id='word_1_27' title='bbox 225 1485 229 1492; x_wconf 65' lang='grc'><strong>’</strong></span> <span class='ocrx_word' id='word_1_28' title='bbox 346 1513 1398 1620; x_wconf 60' lang='lat' dir='ltr'><strong>&#39;znosrpoypapamponossaaerunomffl-</strong></span> 
     </span>
     <span class='ocr_line' id='line_1_7' title="bbox 360 1635 1268 1745; baseline -0.002 -41"><span class='ocrx_word' id='word_1_29' title='bbox 360 1659 368 1668; x_wconf 71' lang='grc'><em>”</em></span> <span class='ocrx_word' id='word_1_30' title='bbox 517 1635 1083 1744; x_wconf 26' lang='lat' dir='ltr'><strong>-,5kirdlyrrokajutuh&#39;u3123i.</strong></span> <span class='ocrx_word' id='word_1_31' title='bbox 1191 1739 1194 1745; x_wconf 24' lang='grc' dir='ltr'>Ι</span> <span class='ocrx_word' id='word_1_32' title='bbox 1263 1639 1268 1647; x_wconf 83' lang='grc'><em>“</em></span> 
     </span>
    </p>
   </div>
   <div class='ocr_carea' id='block_1_6' title="bbox 244 1815 1422 3095">
    <p class='ocr_par' dir='ltr' id='par_1_6' title="bbox 244 1815 1422 2236">
     <span class='ocr_line' id='line_1_8' title="bbox 322 1815 1417 1910; baseline -0.002 -25"><span class='ocrx_word' id='word_1_33' title='bbox 322 1887 324 1892; x_wconf 71' lang='grc'>,</span> <span class='ocrx_word' id='word_1_34' title='bbox 406 1815 584 1904; x_wconf 72' lang='lat' dir='ltr'><strong>Gregorius</strong></span> <span class='ocrx_word' id='word_1_35' title='bbox 600 1815 782 1902; x_wconf 73' lang='lat' dir='ltr'><strong>Episcopus</strong></span> <span class='ocrx_word' id='word_1_36' title='bbox 796 1823 860 1910; x_wconf 51' lang='lat' dir='ltr'><strong>¹eto.</strong></span> <span class='ocrx_word' id='word_1_37' title='bbox 874 1815 1048 1886; x_wconf 82' lang='lat' dir='ltr'><strong>usrimimo</strong></span> <span class='ocrx_word' id='word_1_38' title='bbox 1059 1867 1062 1876; x_wconf 69' lang='grc'>,</span> <span class='ocrx_word' id='word_1_39' title='bbox 1072 1815 1105 1882; x_wconf 91' lang='lat' dir='ltr'><strong>in</strong></span> <span class='ocrx_word' id='word_1_40' title='bbox 1130 1815 1258 1884; x_wconf 77' lang='lat' dir='ltr'><strong>Christo</strong></span> <span class='ocrx_word' id='word_1_41' title='bbox 1272 1815 1340 1892; x_wconf 82' lang='lat' dir='ltr'><strong>filio</strong></span> <span class='ocrx_word' id='word_1_42' title='bbox 1357 1865 1366 1884; x_wconf 90' lang='lat'><strong>.</strong></span> <span class='ocrx_word' id='word_1_43' title='bbox 1384 1866 1390 1880; x_wconf 94' lang='lat'><em>.</em></span> <span class='ocrx_word' id='word_1_44' title='bbox 1409 1865 1417 1883; x_wconf 91' lang='lat'>.</span> 
     </span>
     <span class='ocr_line' id='line_1_9' title="bbox 298 1921 1422 2016; baseline 0 -22"><span class='ocrx_word' id='word_1_45' title='bbox 298 1923 509 2008; x_wconf 74' lang='lat' dir='ltr'><strong>Illustriitegi</strong></span> <span class='ocrx_word' id='word_1_46' title='bbox 519 1921 815 2014; x_wconf 77' lang='lat' dir='ltr'><strong>Uogariasalutem</strong></span> <span class='ocrx_word' id='word_1_47' title='bbox 832 1931 893 1990; x_wconf 84' lang='lat' dir='ltr'><strong>ete.</strong></span> <span class='ocrx_word' id='word_1_48' title='bbox 911 1925 948 1992; x_wconf 86' lang='lat' dir='ltr'><strong>Si</strong></span> <span class='ocrx_word' id='word_1_49' title='bbox 956 1923 1161 2012; x_wconf 84' lang='lat' dir='ltr'><strong>prevenisset</strong></span> <span class='ocrx_word' id='word_1_50' title='bbox 1170 1924 1330 2016; x_wconf 84' lang='lat' dir='ltr'><strong>Dominus</strong></span> <span class='ocrx_word' id='word_1_51' title='bbox 1342 1931 1422 1994; x_wconf 83' lang='lat' dir='ltr'><strong>vota</strong></span> 
     </span>
     <span class='ocr_line' id='line_1_10' title="bbox 298 2021 1421 2120; baseline 0.002 -22"><span class='ocrx_word' id='word_1_52' title='bbox 298 2033 500 2120; x_wconf 74' lang='lat' dir='ltr'><strong>supplicum,</strong></span> <span class='ocrx_word' id='word_1_53' title='bbox 527 2021 560 2099; x_wconf 79' lang='lat' dir='ltr'><strong>et</strong></span> <span class='ocrx_word' id='word_1_54' title='bbox 585 2037 663 2098; x_wconf 88' lang='lat' dir='ltr'><strong>ante</strong></span> <span class='ocrx_word' id='word_1_55' title='bbox 679 2037 766 2098; x_wconf 82' lang='lat' dir='ltr'><strong>terre</strong></span> <span class='ocrx_word' id='word_1_56' title='bbox 782 2029 952 2100; x_wconf 83' lang='lat' dir='ltr'><strong>orientatis</strong></span> <span class='ocrx_word' id='word_1_57' title='bbox 970 2025 1132 2100; x_wconf 72' lang='lat' dir='ltr'><strong>e&#39;xoidium</strong></span> <span class='ocrx_word' id='word_1_58' title='bbox 1148 2033 1421 2118; x_wconf 77' lang='lat' dir='ltr'><strong>Constantinopo</strong></span> 
     </span>
     <span class='ocr_line' id='line_1_11' title="bbox 244 2125 1421 2236; baseline 0 -28"><span class='ocrx_word' id='word_1_59' title='bbox 244 2163 248 2170; x_wconf 92' lang='lat'><em>·</em></span> <span class='ocrx_word' id='word_1_60' title='bbox 297 2141 434 2208; x_wconf 78' lang='lat' dir='ltr'><strong>litonum</strong></span> <span class='ocrx_word' id='word_1_61' title='bbox 449 2125 624 2225; x_wconf 88' lang='lat' dir='ltr'><strong>Imperium</strong></span> <span class='ocrx_word' id='word_1_62' title='bbox 640 2139 684 2208; x_wconf 82' lang='lat' dir='ltr'><strong>ud</strong></span> <span class='ocrx_word' id='word_1_63' title='bbox 700 2139 835 2208; x_wconf 86' lang='lat' dir='ltr'><strong>Latinos</strong></span> <span class='ocrx_word' id='word_1_64' title='bbox 851 2138 1022 2228; x_wconf 82' lang='lat' dir='ltr'><strong>aGraois,</strong></span> <span class='ocrx_word' id='word_1_65' title='bbox 1049 2141 1134 2236; x_wconf 80' lang='lat' dir='ltr'><strong>siout</strong></span> <span class='ocrx_word' id='word_1_66' title='bbox 1148 2148 1267 2228; x_wconf 87' lang='lat' dir='ltr'><strong>postea</strong></span> <span class='ocrx_word' id='word_1_67' title='bbox 1280 2147 1421 2208; x_wconf 87' lang='lat' dir='ltr'><strong>transtu·</strong></span> 
     </span>
    </p>

    <p class='ocr_par' dir='ltr' id='par_1_7' title="bbox 298 2243 1419 2348">
     <span class='ocr_line' id='line_1_12' title="bbox 298 2243 1419 2348; baseline 0.006 -36"><span class='ocrx_word' id='word_1_68' title='bbox 298 2247 351 2344; x_wconf 46' lang='lat' dir='ltr'><strong>litp</strong></span> <span class='ocrx_word' id='word_1_69' title='bbox 361 2245 593 2348; x_wconf 80' lang='lat' dir='ltr'><strong>transtulisset,</strong></span> <span class='ocrx_word' id='word_1_70' title='bbox 610 2243 846 2316; x_wconf 73' lang='lat' dir='ltr'><strong>desolationem</strong></span> <span class='ocrx_word' id='word_1_71' title='bbox 861 2247 1125 2316; x_wconf 77' lang='lat' dir='ltr'><strong>ierosolimitana</strong></span> <span class='ocrx_word' id='word_1_72' title='bbox 1143 2247 1312 2337; x_wconf 85' lang='lat' dir='ltr'><strong>prorinuio</strong></span> <span class='ocrx_word' id='word_1_73' title='bbox 1328 2247 1419 2344; x_wconf 77' lang='lat' dir='ltr'><strong>Uirri·</strong></span> 
     </span>
    </p>

    <p class='ocr_par' dir='ltr' id='par_1_8' title="bbox 270 2345 1422 2768">
     <span class='ocr_line' id='line_1_13' title="bbox 297 2345 1421 2446; baseline 0.004 -24"><span class='ocrx_word' id='word_1_74' title='bbox 297 2355 424 2424; x_wconf 85' lang='lat' dir='ltr'><strong>stianus</strong></span> <span class='ocrx_word' id='word_1_75' title='bbox 441 2352 582 2442; x_wconf 92' lang='lat' dir='ltr'><strong>populus</strong></span> <span class='ocrx_word' id='word_1_76' title='bbox 599 2350 738 2420; x_wconf 75' lang='lat' dir='ltr'><strong>forsitan</strong></span> <span class='ocrx_word' id='word_1_77' title='bbox 753 2373 819 2420; x_wconf 90' lang='lat' dir='ltr'><strong>non</strong></span> <span class='ocrx_word' id='word_1_78' title='bbox 835 2351 981 2446; x_wconf 79' lang='lat' dir='ltr'><strong>deflerat.</strong></span> <span class='ocrx_word' id='word_1_79' title='bbox 1006 2355 1087 2423; x_wconf 78' lang='lat' dir='ltr'><strong>cum</strong></span> <span class='ocrx_word' id='word_1_80' title='bbox 1112 2355 1210 2444; x_wconf 68' lang='lat' dir='ltr'><strong>igitur</strong></span> <span class='ocrx_word' id='word_1_81' title='bbox 1233 2345 1293 2442; x_wconf 83' lang='lat' dir='ltr'><strong>per</strong></span> <span class='ocrx_word' id='word_1_82' title='bbox 1310 2355 1421 2426; x_wconf 70' lang='lat' dir='ltr'><strong>huius</strong></span> 
     </span>
     <span class='ocr_line' id='line_1_14' title="bbox 297 2459 1422 2556; baseline 0.001 -27"><span class='ocrx_word' id='word_1_83' title='bbox 297 2461 389 2530; x_wconf 87' lang='lat' dir='ltr'><strong>modi</strong></span> <span class='ocrx_word' id='word_1_84' title='bbox 411 2459 661 2530; x_wconf 85' lang='lat' dir='ltr'><strong>translationem</strong></span> <span class='ocrx_word' id='word_1_85' title='bbox 685 2460 829 2556; x_wconf 74' lang='lat' dir='ltr'><strong>Imperii,</strong></span> <span class='ocrx_word' id='word_1_86' title='bbox 843 2461 887 2529; x_wconf 86' lang='lat' dir='ltr'><strong>ad</strong></span> <span class='ocrx_word' id='word_1_87' title='bbox 911 2463 1190 2550; x_wconf 77' lang='lat' dir='ltr'><strong>recuperationem</strong></span> <span class='ocrx_word' id='word_1_88' title='bbox 1221 2464 1310 2534; x_wconf 87' lang='lat' dir='ltr'><strong>illius</strong></span> <span class='ocrx_word' id='word_1_89' title='bbox 1334 2471 1422 2548; x_wconf 82' lang='lat' dir='ltr'><strong>terre</strong></span> 
     </span>
     <span class='ocr_line' id='line_1_15' title="bbox 298 2557 1422 2658; baseline 0.001 -19"><span class='ocrx_word' id='word_1_90' title='bbox 298 2557 463 2650; x_wconf 86' lang='lat' dir='ltr'><strong>vianobis</strong></span> <span class='ocrx_word' id='word_1_91' title='bbox 479 2568 594 2635; x_wconf 89' lang='lat' dir='ltr'><strong>melior</strong></span> <span class='ocrx_word' id='word_1_92' title='bbox 608 2577 780 2656; x_wconf 77' lang='lat' dir='ltr'><strong>reseretur,</strong></span> <span class='ocrx_word' id='word_1_93' title='bbox 797 2577 831 2636; x_wconf 86' lang='lat' dir='ltr'><strong>et</strong></span> <span class='ocrx_word' id='word_1_94' title='bbox 845 2571 941 2638; x_wconf 87' lang='lat' dir='ltr'><strong>istius</strong></span> <span class='ocrx_word' id='word_1_95' title='bbox 956 2569 1096 2640; x_wconf 81' lang='lat' dir='ltr'><strong>retentio</strong></span> <span class='ocrx_word' id='word_1_96' title='bbox 1113 2573 1210 2658; x_wconf 82' lang='lat' dir='ltr'><strong>qusai</strong></span> <span class='ocrx_word' id='word_1_97' title='bbox 1224 2570 1422 2650; x_wconf 66' lang='lat' dir='ltr'><strong>restauratio</strong></span> 
     </span>
     <span class='ocr_line' id='line_1_16' title="bbox 270 2677 1421 2768; baseline -0.003 -18"><span class='ocrx_word' id='word_1_98' title='bbox 270 2745 273 2750; x_wconf 80' lang='grc'>,</span> <span class='ocrx_word' id='word_1_99' title='bbox 298 2679 342 2746; x_wconf 90' lang='lat' dir='ltr'><strong>sit</strong></span> <span class='ocrx_word' id='word_1_100' title='bbox 365 2679 453 2762; x_wconf 83' lang='lat' dir='ltr'><strong>illius</strong></span> <span class='ocrx_word' id='word_1_101' title='bbox 462 2726 472 2762; x_wconf 92' lang='lat'><em>,</em></span> <span class='ocrx_word' id='word_1_102' title='bbox 497 2697 575 2746; x_wconf 84' lang='lat' dir='ltr'><strong>seue</strong></span> <span class='ocrx_word' id='word_1_103' title='bbox 594 2677 815 2746; x_wconf 85' lang='lat' dir='ltr'><strong>venerabilem</strong></span> <span class='ocrx_word' id='word_1_104' title='bbox 831 2679 964 2748; x_wconf 79' lang='lat' dir='ltr'><strong>fratrem</strong></span> <span class='ocrx_word' id='word_1_105' title='bbox 982 2686 1126 2746; x_wconf 86' lang='lat' dir='ltr'><strong>nostrum</strong></span> <span class='ocrx_word' id='word_1_106' title='bbox 1142 2705 1150 2744; x_wconf 66' lang='lat' dir='ltr'><strong>a</strong></span> <span class='ocrx_word' id='word_1_107' title='bbox 1168 2729 1176 2746; x_wconf 91' lang='lat'><strong>.</strong></span> <span class='ocrx_word' id='word_1_108' title='bbox 1194 2727 1203 2746; x_wconf 89' lang='lat'><strong>.</strong></span> <span class='ocrx_word' id='word_1_109' title='bbox 1219 2679 1421 2768; x_wconf 71' lang='lat' dir='ltr'><strong>Episcopum</strong></span> 
     </span>
    </p>

    <p class='ocr_par' dir='ltr' id='par_1_9' title="bbox 256 2771 1422 3095">
     <span class='ocr_line' id='line_1_17' title="bbox 299 2771 1421 2879; baseline 0 -24"><span class='ocrx_word' id='word_1_110' title='bbox 299 2787 499 2879; x_wconf 84' lang='lat' dir='ltr'><strong>Perusinum,</strong></span> <span class='ocrx_word' id='word_1_111' title='bbox 515 2786 620 2853; x_wconf 87' lang='lat' dir='ltr'><strong>virum</strong></span> <span class='ocrx_word' id='word_1_112' title='bbox 635 2771 808 2870; x_wconf 86' lang='lat' dir='ltr'><strong>providum</strong></span> <span class='ocrx_word' id='word_1_113' title='bbox 824 2791 858 2855; x_wconf 85' lang='lat' dir='ltr'><strong>et</strong></span> <span class='ocrx_word' id='word_1_114' title='bbox 872 2786 1047 2854; x_wconf 77' lang='lat' dir='ltr'><strong>discretum</strong></span> <span class='ocrx_word' id='word_1_115' title='bbox 1063 2806 1103 2858; x_wconf 87' lang='lat' dir='ltr'><strong>ae</strong></span> <span class='ocrx_word' id='word_1_116' title='bbox 1118 2786 1213 2854; x_wconf 90' lang='lat' dir='ltr'><strong>nobis</strong></span> <span class='ocrx_word' id='word_1_117' title='bbox 1224 2783 1421 2854; x_wconf 86' lang='lat' dir='ltr'><strong>etiratribus</strong></span> 
     </span>
     <span class='ocr_line' id='line_1_18' title="bbox 256 2879 1422 2991; baseline 0 -29"><span class='ocrx_word' id='word_1_118' title='bbox 256 2909 259 2916; x_wconf 55' lang='lat'><strong>⁴</strong></span> <span class='ocrx_word' id='word_1_119' title='bbox 297 2893 417 2962; x_wconf 89' lang='lat' dir='ltr'><strong>nostris</strong></span> <span class='ocrx_word' id='word_1_120' title='bbox 432 2894 547 2970; x_wconf 86' lang='lat' dir='ltr'><strong>morito</strong></span> <span class='ocrx_word' id='word_1_121' title='bbox 564 2913 621 2962; x_wconf 88' lang='lat' dir='ltr'><strong>sue</strong></span> <span class='ocrx_word' id='word_1_122' title='bbox 637 2893 810 2979; x_wconf 74' lang='lat' dir='ltr'><strong>probitatis</strong></span> <span class='ocrx_word' id='word_1_123' title='bbox 826 2879 1006 2981; x_wconf 69' lang='lat' dir='ltr'><strong>anaspum,</strong></span> <span class='ocrx_word' id='word_1_124' title='bbox 1023 2912 1083 2980; x_wconf 90' lang='lat' dir='ltr'><strong>pro</strong></span> <span class='ocrx_word' id='word_1_125' title='bbox 1099 2900 1189 2961; x_wconf 86' lang='lat' dir='ltr'><strong>statu</strong></span> <span class='ocrx_word' id='word_1_126' title='bbox 1203 2889 1307 2991; x_wconf 86' lang='lat' dir='ltr'><strong>ipsius</strong></span> <span class='ocrx_word' id='word_1_127' title='bbox 1318 2895 1422 2982; x_wconf 51' lang='lat' dir='ltr'><strong>Imm,</strong></span> 
     </span>
     <span class='ocr_line' id='line_1_19' title="bbox 298 2987 1421 3095; baseline 0.001 -26"><span class='ocrx_word' id='word_1_128' title='bbox 298 3001 397 3070; x_wconf 84' lang='lat' dir='ltr'><strong>rii&#39;ad</strong></span> <span class='ocrx_word' id='word_1_129' title='bbox 410 3007 522 3087; x_wconf 84' lang='lat' dir='ltr'><strong>partes</strong></span> <span class='ocrx_word' id='word_1_130' title='bbox 538 3000 695 3070; x_wconf 87' lang='lat' dir='ltr'><strong>Romania</strong></span> <span class='ocrx_word' id='word_1_131' title='bbox 711 3001 885 3073; x_wconf 78' lang='lat' dir='ltr'><strong>commisso</strong></span> <span class='ocrx_word' id='word_1_132' title='bbox 910 3001 973 3076; x_wconf 89' lang='lat' dir='ltr'><strong>sibi</strong></span> <span class='ocrx_word' id='word_1_133' title='bbox 1000 2987 1176 3088; x_wconf 79' lang='lat' dir='ltr'><strong>legationis</strong></span> <span class='ocrx_word' id='word_1_134' title='bbox 1192 3000 1300 3095; x_wconf 72' lang='lat' dir='ltr'><strong>oiiioio</strong></span> <span class='ocrx_word' id='word_1_135' title='bbox 1314 3002 1421 3090; x_wconf 84' lang='lat' dir='ltr'><strong>prori-</strong></span> 
     </span>
    </p>
   </div>
   <div class='ocr_carea' id='block_1_7' title="bbox 120 3106 1514 3414">
    <p class='ocr_par' dir='ltr' id='par_1_10' title="bbox 120 3106 1514 3414">
     <span class='ocr_line' id='line_1_20' title="bbox 120 3106 1421 3198; baseline -0.002 -19"><span class='ocrx_word' id='word_1_136' title='bbox 120 3107 122 3112; x_wconf 79' lang='grc'><strong>’</strong></span> <span class='ocrx_word' id='word_1_137' title='bbox 214 3171 216 3174; x_wconf 96' lang='grc'>.</span> <span class='ocrx_word' id='word_1_138' title='bbox 297 3109 403 3179; x_wconf 90' lang='lat' dir='ltr'><strong>dimus</strong></span> <span class='ocrx_word' id='word_1_139' title='bbox 418 3106 659 3198; x_wconf 68' lang='lat' dir='ltr'><strong>destinandum·</strong></span> <span class='ocrx_word' id='word_1_140' title='bbox 670 3111 814 3196; x_wconf 87' lang='lat' dir='ltr'><strong>Ideoque</strong></span> <span class='ocrx_word' id='word_1_141' title='bbox 825 3112 984 3197; x_wconf 76' lang='lat' dir='ltr'><strong>Regulam</strong></span> <span class='ocrx_word' id='word_1_142' title='bbox 994 3109 1233 3180; x_wconf 76' lang='lat' dir='ltr'><strong>Excellentiam</strong></span> <span class='ocrx_word' id='word_1_143' title='bbox 1242 3111 1421 3195; x_wconf 73' lang='lat' dir='ltr'><strong>rogandam</strong></span> 
     </span>
     <span class='ocr_line' id='line_1_21' title="bbox 278 3217 1514 3320; baseline -0.005 -28"><span class='ocrx_word' id='word_1_144' title='bbox 278 3217 447 3292; x_wconf 79' lang='lat' dir='ltr'><strong>¹tinuimus</strong></span> <span class='ocrx_word' id='word_1_145' title='bbox 471 3221 598 3286; x_wconf 86' lang='lat' dir='ltr'><strong>attente</strong></span> <span class='ocrx_word' id='word_1_146' title='bbox 615 3217 884 3320; x_wconf 69' lang='lat' dir='ltr'><strong>emoriendum,</strong></span> <span class='ocrx_word' id='word_1_147' title='bbox 907 3226 1069 3303; x_wconf 87' lang='lat' dir='ltr'><strong>quatenus</strong></span> <span class='ocrx_word' id='word_1_148' title='bbox 1094 3217 1201 3306; x_wconf 87' lang='lat' dir='ltr'><strong>ipsurn</strong></span> <span class='ocrx_word' id='word_1_149' title='bbox 1224 3237 1284 3304; x_wconf 87' lang='lat' dir='ltr'><strong>par</strong></span> <span class='ocrx_word' id='word_1_150' title='bbox 1308 3223 1421 3314; x_wconf 81' lang='lat' dir='ltr'><strong>partes</strong></span> <span class='ocrx_word' id='word_1_151' title='bbox 1510 3268 1514 3274; x_wconf 87' lang='grc'>-</span> 
     </span>
     <span class='ocr_line' id='line_1_22' title="bbox 221 3325 1441 3414; baseline -0.003 -18"><span class='ocrx_word' id='word_1_152' title='bbox 221 3333 224 3340; x_wconf 77' lang='grc'>’</span> <span class='ocrx_word' id='word_1_153' title='bbox 297 3325 442 3414; x_wconf 81' lang='lat' dir='ltr'><strong>Ungaria</strong></span> <span class='ocrx_word' id='word_1_154' title='bbox 457 3333 699 3413; x_wconf 81' lang='lat' dir='ltr'><strong>transeuntem,</strong></span> <span class='ocrx_word' id='word_1_155' title='bbox 728 3347 801 3396; x_wconf 86' lang='lat' dir='ltr'><strong>oum</strong></span> <span class='ocrx_word' id='word_1_156' title='bbox 817 3327 861 3395; x_wconf 89' lang='lat' dir='ltr'><strong>ad</strong></span> <span class='ocrx_word' id='word_1_157' title='bbox 876 3335 909 3394; x_wconf 87' lang='lat' dir='ltr'><strong>to</strong></span> <span class='ocrx_word' id='word_1_158' title='bbox 923 3329 1051 3398; x_wconf 80' lang='lat' dir='ltr'><strong>venerit</strong></span> <span class='ocrx_word' id='word_1_159' title='bbox 1060 3375 1070 3410; x_wconf 93' lang='lat'><em>,</em></span> <span class='ocrx_word' id='word_1_160' title='bbox 1096 3326 1239 3412; x_wconf 76' lang='lat' dir='ltr'><strong>benigne</strong></span> <span class='ocrx_word' id='word_1_161' title='bbox 1259 3325 1421 3412; x_wconf 80' lang='lat' dir='ltr'><strong>recipiens</strong></span> <span class='ocrx_word' id='word_1_162' title='bbox 1437 3377 1441 3384; x_wconf 93' lang='lat'>.</span> 
     </span>
    </p>
   </div>
   <div class='ocr_carea' id='block_1_8' title="bbox 297 3431 1422 3522">
    <p class='ocr_par' dir='ltr' id='par_1_11' title="bbox 297 3431 1422 3522">
     <span class='ocr_line' id='line_1_23' title="bbox 297 3431 1422 3522; baseline -0.002 -20"><span class='ocrx_word' id='word_1_163' title='bbox 297 3443 331 3502; x_wconf 91' lang='lat' dir='ltr'><strong>et</strong></span> <span class='ocrx_word' id='word_1_164' title='bbox 346 3433 481 3504; x_wconf 84' lang='lat' dir='ltr'><strong>honesta</strong></span> <span class='ocrx_word' id='word_1_165' title='bbox 497 3443 723 3521; x_wconf 78' lang='lat' dir='ltr'><strong>pertractans,</strong></span> <span class='ocrx_word' id='word_1_166' title='bbox 749 3456 817 3522; x_wconf 83' lang='lat' dir='ltr'><strong>que·</strong></span> <span class='ocrx_word' id='word_1_167' title='bbox 836 3438 897 3506; x_wconf 90' lang='lat' dir='ltr'><strong>tibi</strong></span> <span class='ocrx_word' id='word_1_168' title='bbox 919 3457 961 3506; x_wconf 85' lang='lat' dir='ltr'><strong>ex</strong></span> <span class='ocrx_word' id='word_1_169' title='bbox 986 3442 1082 3522; x_wconf 84' lang='lat' dir='ltr'><strong>purte</strong></span> <span class='ocrx_word' id='word_1_170' title='bbox 1097 3442 1212 3520; x_wconf 87' lang='lat' dir='ltr'><strong>nostra</strong></span> <span class='ocrx_word' id='word_1_171' title='bbox 1227 3431 1422 3520; x_wconf 82' lang='lat' dir='ltr'><strong>exponenda</strong></span> 
     </span>
    </p>
   </div>
   <div class='ocr_carea' id='block_1_9' title="bbox 168 3539 1421 3640">
    <p class='ocr_par' dir='ltr' id='par_1_12' title="bbox 168 3539 1421 3640">
     <span class='ocr_line' id='line_1_24' title="bbox 168 3539 1421 3640; baseline 0.002 -30"><span class='ocrx_word' id='word_1_172' title='bbox 168 3555 170 3560; x_wconf 82' lang='lat'>&#39;</span> <span class='ocrx_word' id='word_1_173' title='bbox 298 3541 441 3626; x_wconf 80' lang='lat' dir='ltr'><strong>duxemt,</strong></span> <span class='ocrx_word' id='word_1_174' title='bbox 472 3544 606 3612; x_wconf 79' lang='lat' dir='ltr'><strong>eredere</strong></span> <span class='ocrx_word' id='word_1_175' title='bbox 632 3543 769 3616; x_wconf 84' lang='lat' dir='ltr'><strong>studeas</strong></span> <span class='ocrx_word' id='word_1_176' title='bbox 786 3553 819 3614; x_wconf 88' lang='lat' dir='ltr'><strong>et</strong></span> <span class='ocrx_word' id='word_1_177' title='bbox 834 3547 945 3614; x_wconf 83' lang='lat' dir='ltr'><strong>taliter</strong></span> <span class='ocrx_word' id='word_1_178' title='bbox 963 3545 1164 3640; x_wconf 80' lang='lat' dir='ltr'><strong>adimplere,</strong></span> <span class='ocrx_word' id='word_1_179' title='bbox 1189 3543 1275 3628; x_wconf 82' lang='lat' dir='ltr'><strong>quod</strong></span> <span class='ocrx_word' id='word_1_180' title='bbox 1293 3539 1337 3610; x_wconf 82' lang='lat' dir='ltr'><strong>ad</strong></span> <span class='ocrx_word' id='word_1_181' title='bbox 1353 3542 1421 3626; x_wconf 69' lang='lat' dir='ltr'><strong>giu</strong></span> 
     </span>
    </p>
   </div>
   <div class='ocr_carea' id='block_1_10' title="bbox 296 3649 1420 3848">
    <p class='ocr_par' dir='ltr' id='par_1_13' title="bbox 296 3649 1420 3848">
     <span class='ocr_line' id='line_1_25' title="bbox 296 3649 1420 3739; baseline 0.004 -23"><span class='ocrx_word' id='word_1_182' title='bbox 296 3649 536 3720; x_wconf 82' lang='lat' dir='ltr'><strong>riamnominis</strong></span> <span class='ocrx_word' id='word_1_183' title='bbox 552 3652 599 3723; x_wconf 85' lang='lat' dir='ltr'><strong>tui</strong></span> <span class='ocrx_word' id='word_1_184' title='bbox 615 3652 722 3739; x_wconf 83' lang='lat' dir='ltr'><strong>cedat,</strong></span> <span class='ocrx_word' id='word_1_185' title='bbox 740 3661 773 3723; x_wconf 88' lang='lat' dir='ltr'><strong>et</strong></span> <span class='ocrx_word' id='word_1_186' title='bbox 787 3675 848 3724; x_wconf 91' lang='lat' dir='ltr'><strong>nos</strong></span> <span class='ocrx_word' id='word_1_187' title='bbox 864 3653 1062 3724; x_wconf 78' lang='lat' dir='ltr'><strong>sinceritatis</strong></span> <span class='ocrx_word' id='word_1_188' title='bbox 1069 3661 1128 3721; x_wconf 88' lang='lat' dir='ltr'><strong>tua</strong></span> <span class='ocrx_word' id='word_1_189' title='bbox 1138 3653 1242 3720; x_wconf 89' lang='lat' dir='ltr'><strong>selum</strong></span> <span class='ocrx_word' id='word_1_190' title='bbox 1256 3651 1420 3738; x_wconf 83' lang='lat' dir='ltr'><strong>possimus</strong></span> 
     </span>
     <span class='ocr_line' id='line_1_26' title="bbox 297 3755 1420 3848; baseline 0 -22"><span class='ocrx_word' id='word_1_191' title='bbox 297 3757 331 3826; x_wconf 92' lang='lat' dir='ltr'><strong>in</strong></span> <span class='ocrx_word' id='word_1_192' title='bbox 347 3755 486 3825; x_wconf 89' lang='lat' dir='ltr'><strong>Domino</strong></span> <span class='ocrx_word' id='word_1_193' title='bbox 502 3759 619 3826; x_wconf 86' lang='lat' dir='ltr'><strong>merito</strong></span> <span class='ocrx_word' id='word_1_194' title='bbox 636 3763 873 3830; x_wconf 82' lang='lat' dir='ltr'><strong>commendare.</strong></span> <span class='ocrx_word' id='word_1_195' title='bbox 900 3763 1020 3832; x_wconf 89' lang='lat' dir='ltr'><strong>Datum</strong></span> <span class='ocrx_word' id='word_1_196' title='bbox 1036 3758 1175 3830; x_wconf 89' lang='lat' dir='ltr'><strong>Viterbii</strong></span> <span class='ocrx_word' id='word_1_197' title='bbox 1190 3758 1266 3828; x_wconf 72' lang='lat' dir='ltr'><strong>xli</strong></span> <span class='ocrx_word' id='word_1_198' title='bbox 1283 3756 1351 3826; x_wconf 84' lang='lat' dir='ltr'><strong>kal.</strong></span> <span class='ocrx_word' id='word_1_199' title='bbox 1367 3757 1420 3848; x_wconf 79' lang='lat' dir='ltr'><strong>Ju-</strong></span> 
     </span>
    </p>
   </div>
   <div class='ocr_carea' id='block_1_11' title="bbox 182 3849 907 3956">
    <p class='ocr_par' dir='ltr' id='par_1_14' title="bbox 182 3849 907 3956">
     <span class='ocr_line' id='line_1_27' title="bbox 182 3849 907 3956; baseline 0.001 -20"><span class='ocrx_word' id='word_1_200' title='bbox 182 3849 186 3854; x_wconf 39' lang='lat'>¹</span> <span class='ocrx_word' id='word_1_201' title='bbox 297 3863 354 3936; x_wconf 87' lang='lat' dir='ltr'><strong>nii.</strong></span> <span class='ocrx_word' id='word_1_202' title='bbox 371 3857 597 3954; x_wconf 78' lang='lat' dir='ltr'><strong>(Pontissuatus</strong></span> <span class='ocrx_word' id='word_1_203' title='bbox 613 3865 730 3956; x_wconf 86' lang='lat' dir='ltr'><strong>nostri)</strong></span> <span class='ocrx_word' id='word_1_204' title='bbox 747 3889 834 3941; x_wconf 90' lang='lat' dir='ltr'><strong>auno</strong></span> <span class='ocrx_word' id='word_1_205' title='bbox 849 3870 907 3938; x_wconf 83' lang='lat' dir='ltr'><strong>XI.</strong></span> 
     </span>
    </p>
   </div>
   <div class='ocr_carea' id='block_1_12' title="bbox 334 4037 1428 4118">
    <p class='ocr_par' dir='ltr' id='par_1_15' title="bbox 334 4037 1428 4118">
     <span class='ocr_line' id='line_1_28' title="bbox 334 4037 1428 4118; baseline -0.009 -14"><span class='ocrx_word' id='word_1_206' title='bbox 334 4057 338 4066; x_wconf 81' lang='grc'>’</span> <span class='ocrx_word' id='word_1_207' title='bbox 395 4041 459 4117; x_wconf 83' lang='grc' dir='ltr'><strong>(ΙΧ.</strong></span> <span class='ocrx_word' id='word_1_208' title='bbox 472 4039 686 4118; x_wconf 71' lang='lat' dir='ltr'><strong>Gargely-pdps</strong></span> <span class='ocrx_word' id='word_1_209' title='bbox 697 4043 886 4118; x_wconf 72' lang='lat' dir='ltr'><strong>Regestiibol</strong></span> <span class='ocrx_word' id='word_1_210' title='bbox 896 4044 1022 4104; x_wconf 72' lang='lat' dir='ltr'><strong>Theious</strong></span> <span class='ocrx_word' id='word_1_211' title='bbox 1034 4047 1071 4105; x_wconf 89' lang='lat' dir='ltr'><strong>id.</strong></span> <span class='ocrx_word' id='word_1_212' title='bbox 1090 4061 1125 4099; x_wconf 84' lang='lat' dir='ltr'><strong>nr.</strong></span> <span class='ocrx_word' id='word_1_213' title='bbox 1138 4043 1160 4102; x_wconf 92' lang='lat' dir='ltr'><strong>l.</strong></span> <span class='ocrx_word' id='word_1_214' title='bbox 1172 4044 1200 4100; x_wconf 77' lang='lat' dir='ltr'><strong>k.</strong></span> <span class='ocrx_word' id='word_1_215' title='bbox 1213 4043 1274 4099; x_wconf 75' lang='grc'>165.</span> <span class='ocrx_word' id='word_1_216' title='bbox 1289 4041 1322 4110; x_wconf 90' lang='lat' dir='ltr'><strong>l.)</strong></span> <span class='ocrx_word' id='word_1_217' title='bbox 1423 4037 1428 4048; x_wconf 93' lang='lat'>&#39;</span> 
     </span>
    </p>
   </div>
   <div class='ocr_carea' id='block_1_13' title="bbox 739 4287 983 4300">
    <p class='ocr_par' dir='ltr' id='par_1_16' title="bbox 739 4287 983 4300">
     <span class='ocr_line' id='line_1_29' title="bbox 739 4287 983 4300; baseline 0 0"><span class='ocrx_word' id='word_1_218' title='bbox 739 4287 983 4300; x_wconf 51' lang='lat' dir='ltr'><strong>hut—n-fi-——n-——o</strong></span> 
     </span>
    </p>
   </div>
   <div class='ocr_carea' id='block_1_14' title="bbox 0 0 1646 5032">
    <p class='ocr_par' dir='ltr' id='par_1_17' title="bbox 0 0 1646 5032">
     <span class='ocr_line' id='line_1_30' title="bbox 0 0 1646 5032; baseline 0 0"><span class='ocrx_word' id='word_1_219' title='bbox 0 0 1646 5032; x_wconf 95' lang='lat' dir='ltr'><strong> </strong></span> 
     </span>
    </p>
   </div>
  </div>
 </body>
</html>
