3220 5058
725 197 878 312 *7-2*

235 401 310 470 dnm
325 420 418 468 usum
433 403 584 486 anticum,
598 407 631 468 et
647 421 706 489 per
716 401 838 469 tomam
848 401 1013 488 puplicum
1029 400 1074 469 ad
1089 421 1126 469 se
1142 400 1184 470 tle
1198 401 1267 470 iure
1283 423 1354 489 por·

201 497 206 502 ’
234 516 349 599 tinere,
366 511 573 599 priuilegium
589 511 701 579 Sancti
716 508 864 578 Ladislai
889 510 923 578 in
947 507 1102 578 iudicium
1124 529 1224 598 super
1237 511 1354 598 princi-

235 623 305 712 pali
319 621 489 708 produxit:
515 640 576 688 nos
601 639 678 686 uero
693 617 774 686 uisis
790 617 973 704 priuilegiis
989 625 1021 686 et
1035 618 1278 704 instrumentis,
1302 638 1354 686 ru·

236 729 393 810 omnibus,
413 734 446 796 ot
461 727 582 796 cuditis
597 725 858 811 ollegacionibus
873 725 1041 809 utriusque
1056 726 1178 810 partis,
1207 732 1242 794 et
1255 747 1355 814 popu-

235 838 338 904 lorum
355 835 540 919 intellectis,
556 835 634 919 quie
649 835 854 920 priuilegium
869 833 975 918 partis
991 833 1130 902 aduorso
1146 833 1179 900 in
1192 833 1281 901 nullo
1292 837 1355 920 pri-

235 943 357 1027 uilegio
373 943 512 1011 Abbatis
532 941 647 1010 Sancti
672 940 805 1008 Martini
829 939 1000 1008 videbatur
1022 941 1234 1026 preiudioium
1259 963 1353 1027 gene·

236 1071 310 1118 rnre
319 1102 328 1136 ,
354 1050 405 1116 sui
428 1047 508 1116 iuris
524 1047 729 1132 affirmabot;
757 1047 815 1116 sed
832 1053 863 1114 et
879 1049 957 1131 quic
973 1055 1007 1115 et
1022 1050 1209 1136 accepimus
1225 1073 1267 1118 ex
1282 1072 1356 1118 con·

237 1160 381 1228 sessione
404 1156 611 1244 postmodum
636 1154 811 1224 eorundem
836 1157 1027 1241 populorum
1058 1155 1102 1224 od
1126 1159 1360 1226 monesterium

238 1265 351 1338 Sancti
365 1265 497 1332 Martini
512 1265 674 1350 pertinere
690 1261 889 1351 predictum,
916 1271 949 1332 et
974 1284 1014 1332 ex
1031 1265 1218 1332 testimonio
1232 1271 1357 1334 conter-

238 1376 408 1443 minalium
424 1393 553 1442 suorum
568 1372 743 1457 nobilium,
770 1372 824 1456 qui
840 1371 933 1440 nobis
949 1391 1010 1440 suu
1026 1374 1147 1458 scripto
1161 1373 1357 1456 direxerunt,

239 1486 301 1554 sub
317 1483 386 1552 suis
402 1481 531 1568 sigillis,
548 1481 694 1567 prestitis
710 1479 938 1548 nichilominus
954 1479 1165 1568 corporaliter
1176 1501 1359 1549 sacramen·

238 1593 299 1678 tis3
316 1596 434 1659 terrum
451 1589 556 1676 ipsum
572 1595 605 1656 et
620 1588 746 1656 Ticiam
763 1607 822 1674 per
836 1589 1059 1672 latitudinem,
1077 1596 1110 1656 et
1124 1589 1361 1675 longitudinem

239 1701 326 1768 dicte
350 1703 436 1764 terre
461 1704 493 1762 et
517 1697 602 1762 ultra
626 1695 753 1761 'licium
778 1715 851 1762 cum
876 1699 944 1762 toto
970 1695 1164 1761 arundineto
1183 1703 1216 1762 et
1231 1696 1361 1781 piscina.

238 1803 357 1874 Miroht
366 1855 375 1890 ,
392 1802 484 1871 cuius
499 1803 625 1870 mencio
641 1801 677 1868 fit
692 1803 726 1870 in
742 1801 916 1887 priuilegio
931 1801 1045 1869 Sancti
1060 1801 1229 1888 hadistat,
1248 1823 1361 1870 mono·

240 1915 339 1983 sterio
354 1912 553 1980 restituimus
568 1916 764 1995 memorct03
781 1911 890 1996 ipsum
905 1930 964 1996 per
979 1908 1171 1994 magistrum
1188 1910 1285 1978 Albei
1300 1911 1361 1978 Ar·

241 2020 467 2090 chidiuconum
476 2019 686 2101 Nitriensem‚
703 2027 736 2086 et
745 2018 946 2087 canonicum
956 2017 1222 2104 strigoniensem,
1239 2019 1362 2086 domini

241 2128 341 2213 Regis
356 2128 550 2215 pristaldum
573 2127 607 2192 in
631 2127 874 2212 possessionem
899 2126 1044 2194 misimus
1062 2131 1286 2194 memoratam.
1321 2127 1363 2192 Vt

242 2243 351 2302 cutem
375 2237 409 2302 in
428 2241 592 2320 posterum
608 2235 684 2301 huic
698 2241 809 2303 nostro
826 2233 948 2303 iudicio
964 2254 1029 2300 non
1044 2234 1151 2321 possit
1167 2234 1285 2300 uicium
1302 2235 1363 2300 fal·

242 2343 350 2409 sitatis
366 2341 508 2428 imponi,
534 2341 577 2409 ad
601 2332 734 2410 maioris
753 2343 801 2408 rei
817 2340 1043 2411 certitudinem
1060 2339 1202 2426 sigillum
1218 2347 1363 2408 nostrum

243 2449 454 2536 opposuimus
477 2448 553 2517 huic
578 2457 677 2518 curte.
708 2451 828 2518 Datum
854 2471 940 2520 auno
965 2447 1098 2517 Domini
1115 2447 1363 2517 M⁰GO⁰XXX⁰.

243 2556 390 2643 septimo.

611 2731 670 2806 (Au
684 2733 792 2791 eredeti
804 2733 884 2792 utin.
897 2734 999 2802 σκιὴ)
