3220 5058
815 185 862 255 46

278 383 496 470 inquirentes,
522 399 585 466 qne
610 378 804 450 inveneritis
815 429 824 466 ,
851 379 1014 448 studeatis
1039 379 1134 448 nobis
1150 378 1269 448 restris
1286 378 1409 445 litteris

277 488 416 560 tideliter
440 490 610 574 iutimare,
636 495 671 554 nt
695 507 754 576 per
776 487 967 557 relationem
984 493 1128 556 vestram
1143 483 1343 554 sufficienter
1358 486 1412 554 in-

278 599 389 668 structi
406 595 623 684 procedamus
639 595 777 677 exinde,
801 604 898 684 prout
914 597 1091 664 seeundum
1106 597 1211 663 Deum
1229 593 1411 662 viderimus

277 705 529 791 procedendum.
542 704 637 783 Quod
653 705 683 772 si
698 723 763 774 non
781 725 895 773 omnes
912 713 974 772 etc.
991 704 1112 774 Datum
1123 705 1302 772 Interamni
1312 700 1411 768 xm.

278 813 348 884 kal
364 814 453 900 Julii,
472 809 699 900 (Pontificatns
714 813 831 900 nostri)
846 835 933 882 anno
949 814 1087 882 decimo.

281 987 345 1058 (lx.
358 989 486 1064 Gergely
499 989 576 1063 papa
587 989 774 1062 Begestdibdl
788 990 914 1048 Tbeiner
927 991 965 1048 id.
979 1009 1015 1047 m.
1028 991 1050 1046 Ι.
1063 989 1091 1045 lt.
1106 987 1199 1046 1441.
1222 990 1249 1044 A
1267 987 1413 1044 bulldnnk

369 1079 440 1135 csak
451 1079 602 1138 mredtket
614 1079 730 1136 kdadlte
743 1079 829 1152 sajet
840 1079 909 1137 (lod.
923 1078 1001 1152 Dipl
1015 1077 1062 1137 lv.
1078 1079 1129 1135 ker
1152 1079 1176 1132 1.
1189 1095 1213 1135 r.
1225 1078 1270 1134 42.
1283 1076 1314 1149 1.)

761 1342 975 1354 1-——n-

283 1831 343 1898 IX.
364 1831 498 1920 Ger-peip
510 1835 599 1920 pcipe
625 1854 645 1896 o
672 1833 813 1898 Kcilmcio
828 1833 978 1919 poliozioo‘
992 1829 1099 1917 kirtly
1114 1833 1145 1895 6⁸
1160 1855 1181 1896 a
1196 1829 1413 1916 templotnrea-

458 1939 539 2003 dost
554 1941 639 2004 lebeti
653 1939 812 2005 ctesicles
826 1941 915 2006 ierint
930 1939 1120 2005 incestuosi.
1138 1939 1235 2002 1236.

390 2115 567 2202 Gregorius
578 2117 760 2204 Episcopus
776 2127 838 2187 etc.
855 2117 1038 2186 venerabili
1054 2115 1147 2184 fratri
1164 2163 1174 2182 .
1191 2169 1198 2183 .
1217 2165 1224 2182 .
1243 2117 1413 2202 Episcopo

283 2218 632 2306 Quinqueeeolesiensi,
649 2233 683 2290 et
698 2223 834 2292 dilectis
842 2225 917 2290 filiis
935 2273 942 2288 .
960 2272 967 2288 .
988 2273 996 2288 .
1018 2225 1189 2311 Proposito
1205 2223 1396 2306 Quinqueee

281 2331 434 2399 clesiensi
449 2339 504 2400 et.
523 2382 529 2397 .
547 2381 555 2396 .
572 2333 696 2400 Abbati
711 2335 752 2400 de
768 2331 907 2400 Oioador
919 2333 1146 2400 cisterciensis
1155 2332 1287 2399 Ordinis
1297 2330 1399 2409 Quin-

282 2440 556 2523 qneeeolesiensis
571 2439 724 2506 Dicoesis
749 2441 889 2508 salutem
906 2447 967 2506 etc.
993 2441 1064 2507 Etsi
1089 2439 1228 2506 libenter
1245 2461 1286 2508 ex
1302 2439 1411 2507 multo

283 2547 480 2615 sinceritatis
505 2547 644 2632 affectu,
672 2567 734 2630 quo
759 2567 932 2634 personam
960 2545 1119 2616 carissimi
1145 2548 1179 2614 in
1206 2547 1334 2612 Christo
1350 2543 1414 2612 filii

283 2656 387 2722 nostri
402 2655 597 2722 Colomanni
611 2656 712 2740 Regis
728 2655 952 2733 Ruthenorum
969 2655 1108 2722 Illustris
1135 2662 1169 2720 et
1194 2653 1295 2720 Ducis
1317 2653 1412 2720 Scla-

283 2765 379 2830 uonie
395 2763 428 2827 in
444 2763 564 2846 Christi
580 2763 761 2830 visceribus
778 2765 1016 2848 amplexamur,
1034 2783 1092 2830 sue
1108 2763 1245 2830 velimus
1262 2763 1410 2828 sublimi-

284 2871 345 2936 tati
360 2868 507 2954 deterre;
533 2871 566 2935 in
592 2871 654 2938 biis
679 2879 806 2958 tamen,
834 2893 897 2955 que
913 2872 1111 2940 dissimulari
1128 2873 1254 2956 absque
1270 2874 1410 2956 peccato

285 2984 444 3061 nequent,
470 2977 598 3043 deferre
623 2977 685 3042 sibi
710 2981 805 3046 salva
832 2981 1032 3048 conscientia
1055 3001 1121 3046 non
1137 2981 1303 3047 valemus:
1320 2998 1361 3044 ne
1378 2978 1409 3042 si

285 3105 357 3152 eum
375 3091 531 3168 tanquam
546 3085 725 3170 specialem
741 3088 887 3155 Ecclesie
898 3088 997 3154 filiurn
1008 3109 1072 3155 non
1088 3089 1282 3154 retrahimus
1298 3107 1318 3151 a
1332 3105 1411 3170 pec-

284 3202 369 3280 cato,
387 3201 421 3261 et
436 3193 499 3261 sibi
516 3193 629 3260 demus
645 3193 835 3278 perditionis
851 3197 1042 3273 materiam,
1060 3203 1093 3262 et
1107 3197 1202 3264 nobis
1217 3197 1316 3262 etiam
1333 3211 1410 3258 oau-

284 3323 356 3372 sam
372 3303 483 3369 mortis
493 3353 502 3388 ,
520 3301 648 3368 dicente
665 3301 759 3368 nobis
776 3302 915 3368 Domino
932 3323 991 3388 per
1006 3304 1221 3390 prophetam:
1250 3302 1335 3388 ,Fili
1349 3301 1408 3366 bo-

284 3411 389 3492 minis,
406 3411 643 3497 speculatorem
659 3409 734 3477 dedi
750 3417 783 3477 te
799 3411 910 3478 domui
925 3411 1048 3494 Israel,
1065 3413 1093 3477 si
1109 3431 1174 3477 non
1189 3407 1408 3476 annunciave-

285 3521 331 3584 ris
344 3518 454 3602 impio,
472 3537 578 3599 neque
593 3519 719 3585 locutus
735 3518 845 3604 fueris,
862 3525 898 3584 ut
913 3525 1081 3586 avertatur
1097 3519 1140 3585 ab
1156 3518 1258 3602 impia
1271 3518 1329 3584 via
1345 3537 1409 3585 sua

263 3651 265 3662 ’
287 3631 322 3690 et
347 3625 455 3700 vivat,
480 3625 551 3708 ipse
567 3625 600 3691 in
616 3626 790 3708 iniquitate
806 3645 866 3693 sua
881 3628 1054 3711 morietnr;
1081 3627 1273 3711 sanguinem
1297 3631 1408 3691 autem

288 3734 358 3798 eius
374 3731 415 3797 de
430 3751 527 3798 manu
542 3738 600 3797 tua
615 3729 808 3816 requiram.“
827 3735 914 3801 Sane
930 3734 1051 3802 dudum
1067 3734 1179 3800 dilecti
1190 3731 1270 3799 filii.
1288 3779 1294 3798 .
1312 3781 1320 3798 .
1338 3732 1409 3797 ble-

288 3841 391 3926 gister·
407 3847 440 3906 et
455 3840 571 3907 fratres
588 3843 702 3908 militie
717 3839 846 3927 Templi
861 3843 895 3908 iu
906 3842 1054 3928 Ungaria
1070 3848 1103 3908 et
1117 3839 1296 3908 sclavonia
1311 3839 1409 3906 nobis

288 3950 432 4032 graviter
448 3948 537 4016 fuere
554 3951 731 4038 conquesti,
749 3951 835 4034 quod
852 3970 924 4016 eum
940 3952 1005 4036 ipsi
1022 3969 1121 4036 super
1137 3946 1333 4032 quibusdam
1348 3945 1408 4011 vil-

288 4057 339 4145 lis,
357 4055 523 4144 domibus,
539 4060 799 4144 possessionibus
816 4069 849 4127 et
864 4059 961 4126 rebus
977 4059 1074 4144 aliis,
1101 4057 1218 4142 quibus
1234 4055 1277 4122 ab
1294 4053 1409 4120 eodem

288 4166 379 4246 Rege
394 4165 526 4233 fuerant
540 4167 692 4251 spoliati,
707 4169 812 4253 primo
829 4167 873 4234 ad
888 4187 961 4234 eum
975 4166 1186 4248 monitorias,
1211 4181 1250 4228 ac
1265 4167 1408 4248 postmo-

289 4272 367 4339 dum
381 4271 425 4339 ad
439 4273 659 4340 venerabilem
676 4271 809 4362 ¹fratrem
825 4283 969 4342 nostrum
986 4323 994 4341 .
1013 4323 1020 4341 .
1039 4323 1045 4340 .
1071 4271 1281 4341 Ooloccnsem
1295 4269 1409 4337 Archi-

290 4381 476 4468 episoopum
503 4383 639 4464 eiusque
663 4383 808 4466 collegas
833 4385 1037 4452 executorias
1052 4405 1074 4450 a
1089 4383 1184 4450 nobis
1198 4382 1327 4448 litteras
1351 4379 1409 4444 inr-

289 4495 491 4578 petrassent,
518 4488 646 4556 demum
673 4491 757 4558 inter
775 4491 1087 4576 partesamicabilis
1103 4489 1294 4576 compositio
1310 4490 1409 4556 inter·
