3140 5044
644 217 798 314 ‚ns-

157 407 257 472 saluti
273 427 295 472 a
309 407 408 478 nobis
435 409 603 478 humiliter
628 412 818 495 postulasti.
849 413 901 478 Do
926 419 982 479 tua
1007 413 1118 497 itaque
1145 419 1274 482 circnm-

156 515 325 598 spectione
355 516 485 601 plenam
516 519 550 581 in
583 518 725 585 Domino
760 518 915 586 fiduciam
932 518 1117 589 obtinentes
1142 541 1279 610 presen-

156 619 237 686 tium
268 622 328 688 tibi
359 623 552 689 auctoritate
585 627 812 709 concedimus,
844 632 879 692 ut
910 627 1045 696 eosdem
1062 632 1281 698 excommuni-

157 733 261 812 catos,
278 728 340 796 bac
351 731 424 798 viee
433 729 607 814 iniungens
618 733 675 815 eis,
688 735 775 815 qnod
786 734 908 816 deiure
917 734 1018 801 luerit
1032 737 1280 822 iniungendum,
1371 779 1376 790 ·

156 835 288 918 prouiso
303 843 339 902 ut
354 857 506 904 manuum
525 839 663 904 inieclor
678 876 777 889 -—-
797 842 966 926 gociorum
989 842 1088 908 suerit
1110 849 1224 928 grauis
1247 851 1281 912 et

156 943 309 1028 enormis,
319 944 431 1017 mittas
441 945 484 1010 ad
494 945 615 1012 Sedem
627 948 856 1033 Apostolicam
866 950 1108 1036 absoluendos3
1126 951 1280 1018 cumillis

155 1056 273 1134 autem,
291 1053 345 1133 qui
371 1054 589 1120 absolutionis
607 1055 762 1122 beneficio
779 1077 843 1122 non
859 1058 993 1124 obtento
1015 1057 1097 1123 iacti
1113 1057 1280 1126 immemo-

155 1175 208 1224 res
239 1159 292 1224 vel
322 1159 402 1226 iuris
432 1160 538 1244 ignari
569 1173 763 1246 receperunt
788 1163 922 1232 ordines
947 1167 1002 1232 vel
1026 1165 1150 1232 Diuina
1172 1164 1282 1232 officia

155 1265 334 1351 celebrant,
351 1267 498 1334 iniuncta
515 1269 563 1334 eis
574 1290 635 1354 pro
645 1269 742 1336 modo
759 1271 856 1356 culpe
871 1269 1057 1358 penitentia
1074 1275 1281 1356 competenti,

156 1391 263 1454 eaque
280 1381 425 1458 peracta,
456 1374 556 1440 liceat
571 1377 632 1440 tibi
658 1376 699 1441 de
715 1376 959 1462 misericordia,
992 1397 1055 1462 que
1076 1397 1175 1463 super
1191 1381 1280 1446 exal·

157 1479 417 1564 tat,tuoiudicio,
427 1489 643 1564 proutoorum
655 1484 754 1548 saluti
765 1486 922 1569 expedire
933 1484 1280 1570 viderisdispensare.

157 1585 194 1650 Si
210 1605 287 1651 vcro
310 1585 428 1670 prelati
446 1588 719 1652 excommunicati
755 1608 821 1653 non
847 1596 972 1655 lantum
1000 1591 1034 1656 in
1059 1599 1280 1676 contemplum

157 1692 299 1757 clunium
314 1697 455 1758 scienter
471 1693 551 1758 talia
567 1702 858 1778 presumpserunt,
887 1698 936 1762 eis
962 1717 1022 1782 per
1048 1697 1210 1762 biennium
1239 1700 1282 1763 ab

156 1797 306 1865 ordinum
324 1799 520 1866 executione
546 1802 717 1884 suspensis
735 1811 767 1868 et
783 1803 939 1886 imposita
956 1802 1079 1870 eisdem
1096 1807 1279 1888 penitentia

156 1905 297 1972 salutari
309 1925 367 1973 eos
377 1908 596 1990 postmodum,
606 1909 634 1974 si
652 1909 865 1975 luerintbonc
880 1911 1139 1976 conuersationis
1156 1919 1190 1975 st
1205 1913 1281 1997 vite,

157 2013 201 2080 ad
217 2015 360 2097 gratiam
376 2015 631 2100 dispensationis
649 2001 822 2098 admittas}
839 2017 1003 2102 proprium
1022 2023 1142 2102 autem,
1158 2021 1187 2085 si
1203 2018 1282 2101 quid

156 2121 279 2188 habent
295 2123 373 2189 dieti
389 2122 544 2188 monaehi
556 2127 589 2186 ot
606 2123 766 2204 conuersi,
790 2122 898 2189 iacias
924 2123 957 2188 in
975 2125 1040 2190 tuis
1065 2125 1218 2192 manibus
1234 2143 1282 2190 re

94 2215 97 2222 ¹
159 2230 283 2311 signari
298 2232 332 2295 in
349 2229 523 2296 utilitatem
541 2230 644 2312 ipsius
661 2231 852 2296 monasterii
867 2231 1133 2298 conuertendum.
1159 2233 1280 2296 Datum

158 2337 307 2422 Anagnie
323 2337 376 2404 VI.
400 2337 479 2404 Idus
496 2336 646 2405 Octobris
663 2336 882 2406 Pontificatus
897 2339 1002 2406 nostri
1018 2357 1106 2404 anno
1127 2336 1281 2404 secundo.

319 2529 491 2602 (Eredetiea
505 2530 719 2588 stent-merrom
731 2529 883 2604 illapdtsdg
893 2529 1114 2603 levdltdrdban)

592 2831 852 2842 *nunna—nnn-

680 3161 758 3231 182.

162 3361 220 3432 IV.
237 3363 366 3432 Sdndor·
379 3365 500 3450 pdpaa
514 3357 713 3448 polosarn'ez.
725 3357 871 3424 Erectheo
890 3360 1070 3446 templontdt
1078 3355 1230 3443 felmenti
1245 3382 1283 3424 aa

436 3470 537 3535 ottwrn
552 3477 685 3555 caperest
692 3469 774 3554 jope
790 3462 866 3532 alst.
885 3467 983 3531 1256.

269 3647 456 3718 Alexander
481 3647 665 3733 Episcopus
688 3651 749 3713 eto.
766 3644 870 3712 nobili
886 3643 957 3711 viro
973 3642 1124 3711 Dionisio
1141 3651 1282 3730 patrono

163 3758 312 3826 Ecclesia
326 3759 449 3826 Sancte
473 3755 647 3823 Elisabeth
671 3753 714 3822 de
729 3754 812 3821 villa
826 3753 969 3819 Polosan
986 3750 1034 3839 (i)
1050 3751 1284 3838 strigoniensis

164 3867 314 3935 Diocesis
340 3867 477 3934 salutem
502 3869 564 3932 eto.
581 3863 788 3933 Arbitrantes
809 3859 953 3946 dignum,
970 3859 1057 3943 quod
1073 3859 1211 3945 speciali
1227 3861 1283 3927 Se-

164 3977 214 4044 dis
227 3975 419 4062 'Apostolice
434 3975 548 4059 gracia
564 3972 718 4057 fovearis,
734 3972 809 4058 pios
825 3978 880 4038 tue
896 3969 1016 4036 mentis
1033 3966 1180 4054 affectus,
1196 3969 1285 4050 quod

165 4105 225 4172 per
239 4082 390 4151 effectum
407 4081 515 4168 operis
526 4081 682 4167 probatur
706 4079 740 4146 in
755 4077 879 4162 multis,
896 4083 930 4146 et
944 4097 1025 4144 aure
1055 4075 1199 4162 benigna
1215 4091 1283 4138 sus-

165 4192 312 4278 cipimus,
348 4197 381 4256 et
390 4190 503 4256 favore
520 4187 672 4256 benivolo
686 4203 925 4274 promovemus.
943 4184 1030 4251 Sane
1045 4181 1213 4267 petitionis
1228 4185 1284 4242 tue

165 4300 283 4370 seriem
298 4297 481 4366 audivimus
496 4295 726 4378 continentem,
742 4289 829 4376 quod
844 4290 1019 4358 ecelesiam
1044 4289 1078 4354 in
1094 4287 1174 4356 villa
1189 4282 1284 4348 Polo·

166 4427 228 4477 san
243 4407 286 4474 ad
308 4407 464 4473 bonorem
489 4405 593 4471 Beate
606 4401 777 4469 Elisabeth
793 4397 834 4466 de
851 4395 944 4466 bonis
972 4395 1113 4484 propriis
1142 4396 1284 4458 constru·

166 4515 244 4586 xisti
267 4515 393 4601 pariter
416 4509 806 4592 nidorestituuntque
827 4508 993 4590 volentes,
1020 4501 1108 4587 qnod
1132 4497 1284 4568 affectum

218 4639 318 4682 nonunt
326 4631 631 4680 nonu.ms'r.-n1rn.7.
1020 4609 1062 4675 18
