<?xml version="1.0" encoding="UTF-8"?>
<!DOCTYPE html PUBLIC "-//W3C//DTD XHTML 1.0 Transitional//EN"
    "http://www.w3.org/TR/xhtml1/DTD/xhtml1-transitional.dtd">
<html xmlns="http://www.w3.org/1999/xhtml" xml:lang="en" lang="en">
 <head>
  <title>
</title>
<meta http-equiv="Content-Type" content="text/html;charset=utf-8" />
  <meta name='ocr-system' content='tesseract 3.04.00' />
  <meta name='ocr-capabilities' content='ocr_page ocr_carea ocr_par ocr_line ocrx_word'/>
</head>
<body>
  <div class='ocr_page' id='page_1' title='image "./codexdiplomatic11wenzgoog_0144.png"; bbox 0 0 3154 5030; ppageno 0'>
   <div class='ocr_carea' id='block_1_1' title="bbox 687 295 846 400">
    <p class='ocr_par' dir='ltr' id='par_1_1' title="bbox 687 295 846 400">
     <span class='ocr_line' id='line_1_1' title="bbox 687 295 846 400; baseline 0 -36"><span class='ocrx_word' id='word_1_1' title='bbox 687 295 846 400; x_wconf 47' lang='grc' dir='ltr'><strong>,ιι-ι-</strong></span> 
     </span>
    </p>
   </div>
   <div class='ocr_carea' id='block_1_2' title="bbox 207 488 1340 2198">
    <p class='ocr_par' dir='ltr' id='par_1_2' title="bbox 207 488 1337 797">
     <span class='ocr_line' id='line_1_2' title="bbox 207 488 1331 579; baseline 0.003 -22"><span class='ocrx_word' id='word_1_2' title='bbox 207 490 440 577; x_wconf 86' lang='lat' dir='ltr'><strong>probationes,</strong></span> <span class='ocrx_word' id='word_1_3' title='bbox 465 488 552 574; x_wconf 87' lang='lat' dir='ltr'><strong>qnod</strong></span> <span class='ocrx_word' id='word_1_4' title='bbox 565 489 627 558; x_wconf 89' lang='lat' dir='ltr'><strong>heo</strong></span> <span class='ocrx_word' id='word_1_5' title='bbox 642 491 760 579; x_wconf 85' lang='lat' dir='ltr'><strong>predia</strong></span> <span class='ocrx_word' id='word_1_6' title='bbox 775 494 818 561; x_wconf 88' lang='lat' dir='ltr'><strong>ad</strong></span> <span class='ocrx_word' id='word_1_7' title='bbox 833 490 1069 560; x_wconf 84' lang='lat' dir='ltr'><strong>monasterium</strong></span> <span class='ocrx_word' id='word_1_8' title='bbox 1081 492 1203 560; x_wconf 83' lang='lat' dir='ltr'><strong>Sancte</strong></span> <span class='ocrx_word' id='word_1_9' title='bbox 1218 490 1331 562; x_wconf 79' lang='lat' dir='ltr'><strong>Crucis</strong></span> 
     </span>
     <span class='ocr_line' id='line_1_3' title="bbox 208 596 1337 684; baseline 0.001 -19"><span class='ocrx_word' id='word_1_10' title='bbox 208 599 373 684; x_wconf 89' lang='lat' dir='ltr'><strong>pertinere</strong></span> <span class='ocrx_word' id='word_1_11' title='bbox 389 596 544 683; x_wconf 87' lang='lat' dir='ltr'><strong>debeant,</strong></span> <span class='ocrx_word' id='word_1_12' title='bbox 559 605 593 667; x_wconf 93' lang='lat' dir='ltr'><strong>et</strong></span> <span class='ocrx_word' id='word_1_13' title='bbox 608 599 697 684; x_wconf 90' lang='lat' dir='ltr'><strong>qnod</strong></span> <span class='ocrx_word' id='word_1_14' title='bbox 712 599 819 670; x_wconf 90' lang='lat' dir='ltr'><strong>dictus</strong></span> <span class='ocrx_word' id='word_1_15' title='bbox 835 599 887 668; x_wconf 87' lang='lat' dir='ltr'><strong>W.</strong></span> <span class='ocrx_word' id='word_1_16' title='bbox 904 617 946 668; x_wconf 83' lang='lat' dir='ltr'><strong>ea</strong></span> <span class='ocrx_word' id='word_1_17' title='bbox 959 599 1080 670; x_wconf 84' lang='lat' dir='ltr'><strong>iniuste</strong></span> <span class='ocrx_word' id='word_1_18' title='bbox 1097 597 1253 668; x_wconf 87' lang='lat' dir='ltr'><strong>detineat.</strong></span> <span class='ocrx_word' id='word_1_19' title='bbox 1334 650 1337 657; x_wconf 91' lang='lat'>.</span> 
     </span>
     <span class='ocr_line' id='line_1_4' title="bbox 317 701 1141 797; baseline 0.002 -21"><span class='ocrx_word' id='word_1_20' title='bbox 317 719 566 797; x_wconf 51' lang='lat' dir='ltr'><strong>nucariense.)</strong></span> <span class='ocrx_word' id='word_1_21' title='bbox 897 701 900 708; x_wconf 85' lang='lat'>&#39;</span> <span class='ocrx_word' id='word_1_22' title='bbox 1139 715 1141 720; x_wconf 83' lang='grc'><em>·</em></span> 
     </span>
    </p>

    <p class='ocr_par' dir='ltr' id='par_1_3' title="bbox 208 814 1340 2198">
     <span class='ocr_line' id='line_1_5' title="bbox 318 814 1332 902; baseline 0.002 -20"><span class='ocrx_word' id='word_1_23' title='bbox 318 814 355 882; x_wconf 78' lang='lat' dir='ltr'><strong>F.</strong></span> <span class='ocrx_word' id='word_1_24' title='bbox 372 815 579 884; x_wconf 89' lang='lat' dir='ltr'><strong>miseratione</strong></span> <span class='ocrx_word' id='word_1_25' title='bbox 588 815 714 886; x_wconf 86' lang='lat' dir='ltr'><strong>Diuina</strong></span> <span class='ocrx_word' id='word_1_26' title='bbox 724 817 839 886; x_wconf 81' lang='lat' dir='ltr'><strong>Abbas</strong></span> <span class='ocrx_word' id='word_1_27' title='bbox 855 818 1025 887; x_wconf 80' lang='lat' dir='ltr'><strong>Scotorum</strong></span> <span class='ocrx_word' id='word_1_28' title='bbox 1040 817 1075 884; x_wconf 90' lang='lat' dir='ltr'><strong>in</strong></span> <span class='ocrx_word' id='word_1_29' title='bbox 1089 815 1249 902; x_wconf 81' lang='lat' dir='ltr'><strong>Wienna,</strong></span> <span class='ocrx_word' id='word_1_30' title='bbox 1273 816 1332 887; x_wconf 83' lang='lat' dir='ltr'><strong>Oh.</strong></span> 
     </span>
     <span class='ocr_line' id='line_1_6' title="bbox 208 919 1334 1011; baseline 0.004 -24"><span class='ocrx_word' id='word_1_31' title='bbox 208 921 397 1008; x_wconf 74' lang='lat' dir='ltr'>Propositus</span> <span class='ocrx_word' id='word_1_32' title='bbox 411 919 701 1011; x_wconf 82' lang='lat' dir='ltr'><strong>Nowinburgensis</strong></span> <span class='ocrx_word' id='word_1_33' title='bbox 727 931 759 992; x_wconf 90' lang='lat' dir='ltr'><strong>et</strong></span> <span class='ocrx_word' id='word_1_34' title='bbox 781 923 929 994; x_wconf 91' lang='lat' dir='ltr'><strong>eiusdem</strong></span> <span class='ocrx_word' id='word_1_35' title='bbox 944 923 1094 992; x_wconf 78' lang='lat' dir='ltr'><strong>EcclesIe</strong></span> <span class='ocrx_word' id='word_1_36' title='bbox 1109 923 1261 990; x_wconf 88' lang='lat' dir='ltr'><strong>Decenus</strong></span> <span class='ocrx_word' id='word_1_37' title='bbox 1278 923 1334 991; x_wconf 92' lang='lat' dir='ltr'><strong>do·</strong></span> 
     </span>
     <span class='ocr_line' id='line_1_7' title="bbox 208 1029 1334 1120; baseline 0.003 -24"><span class='ocrx_word' id='word_1_38' title='bbox 208 1029 303 1098; x_wconf 87' lang='lat' dir='ltr'><strong>mine</strong></span> <span class='ocrx_word' id='word_1_39' title='bbox 311 1030 361 1098; x_wconf 88' lang='lat' dir='ltr'><strong>W.</strong></span> <span class='ocrx_word' id='word_1_40' title='bbox 379 1031 420 1099; x_wconf 90' lang='lat' dir='ltr'><strong>de</strong></span> <span class='ocrx_word' id='word_1_41' title='bbox 437 1029 531 1100; x_wconf 91' lang='lat' dir='ltr'><strong>Ouen</strong></span> <span class='ocrx_word' id='word_1_42' title='bbox 547 1032 617 1102; x_wconf 92' lang='lat' dir='ltr'><strong>uiro</strong></span> <span class='ocrx_word' id='word_1_43' title='bbox 627 1032 769 1120; x_wconf 85' lang='lat' dir='ltr'><strong>prunido</strong></span> <span class='ocrx_word' id='word_1_44' title='bbox 794 1041 828 1102; x_wconf 89' lang='lat' dir='ltr'><strong>ct</strong></span> <span class='ocrx_word' id='word_1_45' title='bbox 852 1035 997 1103; x_wconf 86' lang='lat' dir='ltr'><strong>honeste·</strong></span> <span class='ocrx_word' id='word_1_46' title='bbox 1008 1032 1148 1102; x_wconf 88' lang='lat' dir='ltr'><strong>salutem</strong></span> <span class='ocrx_word' id='word_1_47' title='bbox 1164 1037 1197 1098; x_wconf 91' lang='lat' dir='ltr'><strong>et</strong></span> <span class='ocrx_word' id='word_1_48' title='bbox 1211 1032 1334 1100; x_wconf 87' lang='lat' dir='ltr'><strong>oracio·</strong></span> 
     </span>
     <span class='ocr_line' id='line_1_8' title="bbox 208 1127 1333 1222; baseline 0.002 -19"><span class='ocrx_word' id='word_1_49' title='bbox 208 1155 268 1204; x_wconf 87' lang='lat' dir='ltr'><strong>nes</strong></span> <span class='ocrx_word' id='word_1_50' title='bbox 291 1137 326 1204; x_wconf 94' lang='lat' dir='ltr'><strong>in</strong></span> <span class='ocrx_word' id='word_1_51' title='bbox 350 1127 501 1208; x_wconf 88' lang='lat' dir='ltr'><strong>Domino.</strong></span> <span class='ocrx_word' id='word_1_52' title='bbox 533 1139 723 1210; x_wconf 77' lang='lat' dir='ltr'>Meminisse</span> <span class='ocrx_word' id='word_1_53' title='bbox 748 1143 900 1212; x_wconf 90' lang='lat' dir='ltr'><strong>uolumus</strong></span> <span class='ocrx_word' id='word_1_54' title='bbox 940 1140 1150 1209; x_wconf 88' lang='lat' dir='ltr'><strong>dilectionem</strong></span> <span class='ocrx_word' id='word_1_55' title='bbox 1181 1145 1333 1222; x_wconf 87' lang='lat' dir='ltr'><strong>uestram,</strong></span> 
     </span>
     <span class='ocr_line' id='line_1_9' title="bbox 209 1245 1336 1333; baseline 0.001 -21"><span class='ocrx_word' id='word_1_56' title='bbox 209 1245 299 1328; x_wconf 88' lang='lat' dir='ltr'><strong>quod</strong></span> <span class='ocrx_word' id='word_1_57' title='bbox 315 1266 413 1333; x_wconf 89' lang='lat' dir='ltr'><strong>super</strong></span> <span class='ocrx_word' id='word_1_58' title='bbox 422 1250 658 1332; x_wconf 87' lang='lat' dir='ltr'><strong>querimoniam</strong></span> <span class='ocrx_word' id='word_1_59' title='bbox 666 1249 866 1319; x_wconf 83' lang='lat' dir='ltr'><strong>venerabilis</strong></span> <span class='ocrx_word' id='word_1_60' title='bbox 890 1247 1030 1318; x_wconf 83' lang='lat' dir='ltr'><strong>Abbatis</strong></span> <span class='ocrx_word' id='word_1_61' title='bbox 1049 1245 1090 1316; x_wconf 92' lang='lat' dir='ltr'><strong>de</strong></span> <span class='ocrx_word' id='word_1_62' title='bbox 1099 1245 1223 1317; x_wconf 84' lang='lat' dir='ltr'><strong>Sancta</strong></span> <span class='ocrx_word' id='word_1_63' title='bbox 1231 1246 1336 1329; x_wconf 79' lang='lat' dir='ltr'><strong>druco</strong></span> 
     </span>
     <span class='ocr_line' id='line_1_10' title="bbox 210 1349 1336 1445; baseline -0.001 -24"><span class='ocrx_word' id='word_1_64' title='bbox 210 1349 252 1444; x_wconf 87' lang='lat' dir='ltr'><strong>de</strong></span> <span class='ocrx_word' id='word_1_65' title='bbox 268 1354 462 1436; x_wconf 87' lang='lat' dir='ltr'><strong>quibusdam</strong></span> <span class='ocrx_word' id='word_1_66' title='bbox 477 1357 601 1442; x_wconf 87' lang='lat' dir='ltr'><strong>prediis</strong></span> <span class='ocrx_word' id='word_1_67' title='bbox 618 1359 651 1426; x_wconf 92' lang='lat' dir='ltr'><strong>in</strong></span> <span class='ocrx_word' id='word_1_68' title='bbox 666 1359 876 1445; x_wconf 78' lang='lat' dir='ltr'><strong>Pomgarten,</strong></span> <span class='ocrx_word' id='word_1_69' title='bbox 893 1356 1017 1425; x_wconf 91' lang='lat' dir='ltr'><strong>seilicet</strong></span> <span class='ocrx_word' id='word_1_70' title='bbox 1035 1355 1135 1424; x_wconf 86' lang='lat' dir='ltr'>XIIII</span> <span class='ocrx_word' id='word_1_71' title='bbox 1162 1354 1286 1424; x_wconf 88' lang='lat' dir='ltr'><strong>mansis</strong></span> <span class='ocrx_word' id='word_1_72' title='bbox 1303 1358 1336 1422; x_wconf 86' lang='grc' dir='ltr'><strong>ιι</strong></span> 
     </span>
     <span class='ocr_line' id='line_1_11' title="bbox 211 1459 1335 1553; baseline 0.004 -28"><span class='ocrx_word' id='word_1_73' title='bbox 211 1459 287 1526; x_wconf 84' lang='lat' dir='ltr'><strong>eliis</strong></span> <span class='ocrx_word' id='word_1_74' title='bbox 302 1465 404 1548; x_wconf 76' lang='lat' dir='ltr'><strong>agris,</strong></span> <span class='ocrx_word' id='word_1_75' title='bbox 418 1467 562 1551; x_wconf 88' lang='lat' dir='ltr'><strong>pascuis,</strong></span> <span class='ocrx_word' id='word_1_76' title='bbox 578 1466 827 1553; x_wconf 87' lang='lat' dir='ltr'><strong>piscationibus,</strong></span> <span class='ocrx_word' id='word_1_77' title='bbox 843 1485 906 1551; x_wconf 88' lang='lat' dir='ltr'><strong>que</strong></span> <span class='ocrx_word' id='word_1_78' title='bbox 920 1467 993 1551; x_wconf 88' lang='lat' dir='ltr'><strong>ipse</strong></span> <span class='ocrx_word' id='word_1_79' title='bbox 1011 1463 1054 1533; x_wconf 90' lang='lat' dir='ltr'><strong>ad</strong></span> <span class='ocrx_word' id='word_1_80' title='bbox 1070 1483 1163 1532; x_wconf 82' lang='lat' dir='ltr'><strong>snum</strong></span> <span class='ocrx_word' id='word_1_81' title='bbox 1173 1467 1335 1530; x_wconf 85' lang='lat' dir='ltr'><strong>monaste·</strong></span> 
     </span>
     <span class='ocr_line' id='line_1_12' title="bbox 213 1566 1335 1660; baseline 0.002 -28"><span class='ocrx_word' id='word_1_82' title='bbox 213 1566 296 1634; x_wconf 92' lang='lat' dir='ltr'><strong>rium</strong></span> <span class='ocrx_word' id='word_1_83' title='bbox 312 1571 433 1638; x_wconf 82' lang='lat' dir='ltr'><strong>usserit</strong></span> <span class='ocrx_word' id='word_1_84' title='bbox 447 1575 610 1656; x_wconf 89' lang='lat' dir='ltr'><strong>pertinere</strong></span> <span class='ocrx_word' id='word_1_85' title='bbox 627 1575 719 1642; x_wconf 88' lang='lat' dir='ltr'><strong>titulo</strong></span> <span class='ocrx_word' id='word_1_86' title='bbox 734 1573 911 1660; x_wconf 80' lang='lat' dir='ltr'><strong>legationis</strong></span> <span class='ocrx_word' id='word_1_87' title='bbox 934 1573 1022 1641; x_wconf 90' lang='lat' dir='ltr'><strong>bone</strong></span> <span class='ocrx_word' id='word_1_88' title='bbox 1046 1571 1200 1640; x_wconf 91' lang='lat' dir='ltr'><strong>memorie</strong></span> <span class='ocrx_word' id='word_1_89' title='bbox 1216 1568 1335 1636; x_wconf 93' lang='lat' dir='ltr'><strong>domini</strong></span> 
     </span>
     <span class='ocr_line' id='line_1_13' title="bbox 213 1674 1337 1766; baseline 0 -24"><span class='ocrx_word' id='word_1_90' title='bbox 213 1674 272 1760; x_wconf 78' lang='lat' dir='ltr'><strong>Cb.</strong></span> <span class='ocrx_word' id='word_1_91' title='bbox 290 1677 456 1760; x_wconf 85' lang='lat' dir='ltr'><strong>quondam</strong></span> <span class='ocrx_word' id='word_1_92' title='bbox 471 1682 513 1748; x_wconf 95' lang='lat' dir='ltr'><strong>de</strong></span> <span class='ocrx_word' id='word_1_93' title='bbox 528 1679 638 1766; x_wconf 83' lang='lat' dir='ltr'><strong>Aiteb,</strong></span> <span class='ocrx_word' id='word_1_94' title='bbox 653 1681 709 1764; x_wconf 90' lang='lat' dir='ltr'><strong>qui</strong></span> <span class='ocrx_word' id='word_1_95' title='bbox 725 1687 775 1749; x_wconf 90' lang='lat' dir='ltr'><strong>est</strong></span> <span class='ocrx_word' id='word_1_96' title='bbox 789 1681 942 1748; x_wconf 86' lang='lat' dir='ltr'><strong>humatus</strong></span> <span class='ocrx_word' id='word_1_97' title='bbox 956 1677 1099 1763; x_wconf 82' lang='lat' dir='ltr'>ibidem,</span> <span class='ocrx_word' id='word_1_98' title='bbox 1114 1697 1154 1745; x_wconf 84' lang='lat' dir='ltr'><strong>ao</strong></span> <span class='ocrx_word' id='word_1_99' title='bbox 1170 1695 1231 1744; x_wconf 90' lang='lat' dir='ltr'><strong>uos</strong></span> <span class='ocrx_word' id='word_1_100' title='bbox 1246 1675 1337 1744; x_wconf 92' lang='lat' dir='ltr'><strong>inde·</strong></span> 
     </span>
     <span class='ocr_line' id='line_1_14' title="bbox 214 1783 1337 1877; baseline -0.007 -25"><span class='ocrx_word' id='word_1_101' title='bbox 214 1783 282 1852; x_wconf 89' lang='lat' dir='ltr'><strong>bite</strong></span> <span class='ocrx_word' id='word_1_102' title='bbox 297 1801 486 1873; x_wconf 77' lang='lat' dir='ltr'><strong>occupasse,</strong></span> <span class='ocrx_word' id='word_1_103' title='bbox 502 1787 627 1857; x_wconf 90' lang='lat' dir='ltr'><strong>indices</strong></span> <span class='ocrx_word' id='word_1_104' title='bbox 642 1789 761 1858; x_wconf 87' lang='lat' dir='ltr'><strong>aSede</strong></span> <span class='ocrx_word' id='word_1_105' title='bbox 770 1786 964 1877; x_wconf 84' lang='lat' dir='ltr'><strong>Apostoiioa</strong></span> <span class='ocrx_word' id='word_1_106' title='bbox 975 1786 1140 1854; x_wconf 89' lang='lat' dir='ltr'><strong>constituti</strong></span> <span class='ocrx_word' id='word_1_107' title='bbox 1149 1805 1209 1852; x_wconf 91' lang='lat' dir='ltr'><strong>nos</strong></span> <span class='ocrx_word' id='word_1_108' title='bbox 1224 1803 1337 1872; x_wconf 90' lang='lat' dir='ltr'><strong>nuper.</strong></span> 
     </span>
     <span class='ocr_line' id='line_1_15' title="bbox 214 1892 1338 1984; baseline 0.004 -26"><span class='ocrx_word' id='word_1_109' title='bbox 214 1892 442 1962; x_wconf 83' lang='lat' dir='ltr'><strong>citaueramus.</strong></span> <span class='ocrx_word' id='word_1_110' title='bbox 468 1897 585 1964; x_wconf 88' lang='lat' dir='ltr'><strong>Verum</strong></span> <span class='ocrx_word' id='word_1_111' title='bbox 600 1896 679 1981; x_wconf 88' lang='lat' dir='ltr'><strong>quia</strong></span> <span class='ocrx_word' id='word_1_112' title='bbox 694 1916 754 1984; x_wconf 92' lang='lat' dir='ltr'><strong>pro</strong></span> <span class='ocrx_word' id='word_1_113' title='bbox 770 1895 957 1964; x_wconf 86' lang='lat' dir='ltr'><strong>infirmitate</strong></span> <span class='ocrx_word' id='word_1_114' title='bbox 972 1901 1085 1962; x_wconf 85' lang='lat' dir='ltr'><strong>uestra</strong></span> <span class='ocrx_word' id='word_1_115' title='bbox 1100 1893 1267 1962; x_wconf 82' lang='lat' dir='ltr'><strong>dilectIoni</strong></span> <span class='ocrx_word' id='word_1_116' title='bbox 1281 1913 1338 1962; x_wconf 91' lang='lat' dir='ltr'><strong>ue-</strong></span> 
     </span>
     <span class='ocr_line' id='line_1_16' title="bbox 214 1991 1340 2092; baseline 0.002 -26"><span class='ocrx_word' id='word_1_117' title='bbox 214 2005 282 2067; x_wconf 87' lang='lat' dir='ltr'><strong>stro</strong></span> <span class='ocrx_word' id='word_1_118' title='bbox 298 2003 481 2088; x_wconf 91' lang='lat' dir='ltr'><strong>parcimus,</strong></span> <span class='ocrx_word' id='word_1_119' title='bbox 508 2012 664 2088; x_wconf 80' lang='lat' dir='ltr'><strong>qnantum</strong></span> <span class='ocrx_word' id='word_1_120' title='bbox 679 2023 852 2092; x_wconf 89' lang='lat' dir='ltr'><strong>possumus</strong></span> <span class='ocrx_word' id='word_1_121' title='bbox 861 2055 871 2091; x_wconf 88' lang='lat'><strong>,</strong></span> <span class='ocrx_word' id='word_1_122' title='bbox 897 2005 1032 2073; x_wconf 87' lang='lat' dir='ltr'><strong>eundem</strong></span> <span class='ocrx_word' id='word_1_123' title='bbox 1049 2001 1221 2069; x_wconf 89' lang='lat' dir='ltr'><strong>terminum</strong></span> <span class='ocrx_word' id='word_1_124' title='bbox 1236 1991 1340 2086; x_wconf 81' lang='lat' dir='ltr'><strong>usque</strong></span> 
     </span>
     <span class='ocr_line' id='line_1_17' title="bbox 214 2105 1339 2198; baseline 0.007 -28"><span class='ocrx_word' id='word_1_125' title='bbox 214 2105 351 2176; x_wconf 83' lang='lat' dir='ltr'><strong>indiam</strong></span> <span class='ocrx_word' id='word_1_126' title='bbox 367 2110 480 2179; x_wconf 89' lang='lat' dir='ltr'><strong>Sancti</strong></span> <span class='ocrx_word' id='word_1_127' title='bbox 495 2112 628 2180; x_wconf 80' lang='lat' dir='ltr'><strong>Martini</strong></span> <span class='ocrx_word' id='word_1_128' title='bbox 652 2112 806 2181; x_wconf 85' lang='lat' dir='ltr'><strong>duximus</strong></span> <span class='ocrx_word' id='word_1_129' title='bbox 829 2107 1111 2198; x_wconf 81' lang='lat' dir='ltr'><strong>prolongandum,</strong></span> <span class='ocrx_word' id='word_1_130' title='bbox 1136 2111 1253 2176; x_wconf 93' lang='lat' dir='ltr'><strong>iterum</strong></span> <span class='ocrx_word' id='word_1_131' title='bbox 1278 2129 1339 2178; x_wconf 87' lang='lat' dir='ltr'><strong>uos</strong></span> 
     </span>
    </p>
   </div>
   <div class='ocr_carea' id='block_1_3' title="bbox 1 2215 1356 2304">
    <p class='ocr_par' dir='ltr' id='par_1_4' title="bbox 1 2215 1356 2304">
     <span class='ocr_line' id='line_1_18' title="bbox 1 2215 1356 2304; baseline 0.003 -24"><span class='ocrx_word' id='word_1_132' title='bbox 1 2263 4 2304; x_wconf 37' lang='lat' dir='ltr'><strong>p</strong></span> <span class='ocrx_word' id='word_1_133' title='bbox 113 2235 115 2240; x_wconf 93' lang='lat'>·</span> <span class='ocrx_word' id='word_1_134' title='bbox 213 2219 432 2303; x_wconf 89' lang='lat' dir='ltr'><strong>peremptorie</strong></span> <span class='ocrx_word' id='word_1_135' title='bbox 447 2219 588 2291; x_wconf 79' lang='lat' dir='ltr'><strong>citantes</strong></span> <span class='ocrx_word' id='word_1_136' title='bbox 604 2224 638 2290; x_wconf 86' lang='lat' dir='ltr'><strong>et</strong></span> <span class='ocrx_word' id='word_1_137' title='bbox 652 2219 799 2288; x_wconf 86' lang='lat' dir='ltr'><strong>districte</strong></span> <span class='ocrx_word' id='word_1_138' title='bbox 814 2219 1020 2302; x_wconf 86' lang='lat' dir='ltr'><strong>mandantes,</strong></span> <span class='ocrx_word' id='word_1_139' title='bbox 1037 2215 1191 2303; x_wconf 88' lang='lat' dir='ltr'><strong>quatinus</strong></span> <span class='ocrx_word' id='word_1_140' title='bbox 1204 2215 1356 2301; x_wconf 86' lang='lat' dir='ltr'><strong>ipso&#39;die·</strong></span> 
     </span>
    </p>
   </div>
   <div class='ocr_carea' id='block_1_4' title="bbox 214 2319 1347 4567">
    <p class='ocr_par' dir='ltr' id='par_1_5' title="bbox 214 2319 1344 3172">
     <span class='ocr_line' id='line_1_19' title="bbox 214 2319 1341 2416; baseline 0.001 -27"><span class='ocrx_word' id='word_1_141' title='bbox 214 2342 326 2392; x_wconf 90' lang='lat' dir='ltr'><strong>coram</strong></span> <span class='ocrx_word' id='word_1_142' title='bbox 350 2325 445 2394; x_wconf 87' lang='lat' dir='ltr'><strong>nobis</strong></span> <span class='ocrx_word' id='word_1_143' title='bbox 460 2329 681 2416; x_wconf 72' lang='lat' dir='ltr'><strong>compareatis</strong></span> <span class='ocrx_word' id='word_1_144' title='bbox 697 2329 732 2395; x_wconf 90' lang='lat' dir='ltr'><strong>in</strong></span> <span class='ocrx_word' id='word_1_145' title='bbox 746 2329 856 2413; x_wconf 88' lang='lat' dir='ltr'><strong>Drist,</strong></span> <span class='ocrx_word' id='word_1_146' title='bbox 883 2325 969 2414; x_wconf 91' lang='lat' dir='ltr'><strong>quod</strong></span> <span class='ocrx_word' id='word_1_147' title='bbox 993 2321 1157 2394; x_wconf 86' lang='lat' dir='ltr'><strong>teutonice</strong></span> <span class='ocrx_word' id='word_1_148' title='bbox 1181 2319 1341 2392; x_wconf 65' lang='lat' dir='ltr'><strong>cusum:</strong></span> 
     </span>
     <span class='ocr_line' id='line_1_20' title="bbox 214 2429 1338 2524; baseline 0.003 -27"><span class='ocrx_word' id='word_1_149' title='bbox 214 2429 371 2500; x_wconf 91' lang='lat' dir='ltr'><strong>cbircben</strong></span> <span class='ocrx_word' id='word_1_150' title='bbox 395 2443 551 2522; x_wconf 90' lang='lat' dir='ltr'><strong>uocatur,</strong></span> <span class='ocrx_word' id='word_1_151' title='bbox 577 2456 674 2524; x_wconf 90' lang='lat' dir='ltr'><strong>snper</strong></span> <span class='ocrx_word' id='word_1_152' title='bbox 699 2435 816 2507; x_wconf 85' lang='lat' dir='ltr'><strong>eadem</strong></span> <span class='ocrx_word' id='word_1_153' title='bbox 841 2455 944 2506; x_wconf 81' lang='lat' dir='ltr'><strong>causa</strong></span> <span class='ocrx_word' id='word_1_154' title='bbox 974 2433 1116 2503; x_wconf 83' lang='lat' dir='ltr'><strong>finaliter</strong></span> <span class='ocrx_word' id='word_1_155' title='bbox 1136 2432 1338 2519; x_wconf 90' lang='lat' dir='ltr'><strong>responsuri.</strong></span> 
     </span>
     <span class='ocr_line' id='line_1_21' title="bbox 215 2539 1341 2632; baseline -0.002 -24"><span class='ocrx_word' id='word_1_156' title='bbox 215 2539 308 2608; x_wconf 85' lang='lat' dir='ltr'><strong>Scire</strong></span> <span class='ocrx_word' id='word_1_157' title='bbox 325 2543 424 2611; x_wconf 87' lang='lat' dir='ltr'><strong>etiam</strong></span> <span class='ocrx_word' id='word_1_158' title='bbox 440 2543 586 2632; x_wconf 90' lang='lat' dir='ltr'><strong>debetis,</strong></span> <span class='ocrx_word' id='word_1_159' title='bbox 614 2547 700 2629; x_wconf 87' lang='lat' dir='ltr'><strong>qnod</strong></span> <span class='ocrx_word' id='word_1_160' title='bbox 717 2545 883 2632; x_wconf 88' lang='lat' dir='ltr'><strong>predictus</strong></span> <span class='ocrx_word' id='word_1_161' title='bbox 899 2543 1013 2614; x_wconf 82' lang='lat' dir='ltr'><strong>Abbus</strong></span> <span class='ocrx_word' id='word_1_162' title='bbox 1032 2540 1165 2611; x_wconf 86' lang='lat' dir='ltr'><strong>anobis</strong></span> <span class='ocrx_word' id='word_1_163' title='bbox 1180 2541 1341 2608; x_wconf 84' lang='lat' dir='ltr'><strong>instanter</strong></span> 
     </span>
     <span class='ocr_line' id='line_1_22' title="bbox 215 2649 1340 2739; baseline -0.001 -24"><span class='ocrx_word' id='word_1_164' title='bbox 215 2649 352 2734; x_wconf 88' lang='lat' dir='ltr'><strong>petiuit,</strong></span> <span class='ocrx_word' id='word_1_165' title='bbox 375 2657 410 2717; x_wconf 93' lang='lat' dir='ltr'><strong>nt</strong></span> <span class='ocrx_word' id='word_1_166' title='bbox 434 2657 537 2721; x_wconf 86' lang='lat' dir='ltr'><strong>testes</strong></span> <span class='ocrx_word' id='word_1_167' title='bbox 571 2673 679 2739; x_wconf 88' lang='lat' dir='ltr'><strong>sones,</strong></span> <span class='ocrx_word' id='word_1_168' title='bbox 694 2654 945 2724; x_wconf 84' lang='lat' dir='ltr'><strong>ualitudinerios</strong></span> <span class='ocrx_word' id='word_1_169' title='bbox 961 2660 995 2721; x_wconf 93' lang='grc' dir='ltr'><strong>ιι</strong></span> <span class='ocrx_word' id='word_1_170' title='bbox 1010 2652 1116 2736; x_wconf 88' lang='lat' dir='ltr'><strong>alios,</strong></span> <span class='ocrx_word' id='word_1_171' title='bbox 1141 2650 1181 2717; x_wconf 93' lang='lat' dir='ltr'><strong>de</strong></span> <span class='ocrx_word' id='word_1_172' title='bbox 1206 2667 1340 2732; x_wconf 91' lang='lat' dir='ltr'><strong>qnorum</strong></span> 
     </span>
     <span class='ocr_line' id='line_1_23' title="bbox 216 2755 1341 2845; baseline -0.004 -21"><span class='ocrx_word' id='word_1_173' title='bbox 216 2763 319 2834; x_wconf 89' lang='lat' dir='ltr'><strong>morte</strong></span> <span class='ocrx_word' id='word_1_174' title='bbox 335 2755 437 2843; x_wconf 88' lang='lat' dir='ltr'><strong>timet,</strong></span> <span class='ocrx_word' id='word_1_175' title='bbox 455 2765 489 2825; x_wconf 88' lang='lat' dir='ltr'><strong>et</strong></span> <span class='ocrx_word' id='word_1_176' title='bbox 504 2761 657 2830; x_wconf 90' lang='lat' dir='ltr'><strong>absentia</strong></span> <span class='ocrx_word' id='word_1_177' title='bbox 674 2760 826 2828; x_wconf 91' lang='lat' dir='ltr'><strong>diuturna</strong></span> <span class='ocrx_word' id='word_1_178' title='bbox 841 2758 962 2828; x_wconf 86' lang='lat' dir='ltr'><strong>ibidem</strong></span> <span class='ocrx_word' id='word_1_179' title='bbox 979 2759 1132 2845; x_wconf 82' lang='lat' dir='ltr'><strong>exigente</strong></span> <span class='ocrx_word' id='word_1_180' title='bbox 1141 2755 1341 2823; x_wconf 81' lang='lat' dir='ltr'><strong>necessitate</strong></span> 
     </span>
     <span class='ocr_line' id='line_1_24' title="bbox 217 2861 1341 2954; baseline -0.002 -25"><span class='ocrx_word' id='word_1_181' title='bbox 217 2869 251 2930; x_wconf 89' lang='lat' dir='ltr'><strong>ct</strong></span> <span class='ocrx_word' id='word_1_182' title='bbox 275 2883 334 2952; x_wconf 92' lang='lat' dir='ltr'><strong>pro</strong></span> <span class='ocrx_word' id='word_1_183' title='bbox 351 2862 501 2934; x_wconf 84' lang='lat' dir='ltr'><strong>Ecclesie</strong></span> <span class='ocrx_word' id='word_1_184' title='bbox 526 2887 584 2934; x_wconf 90' lang='lat' dir='ltr'><strong>sue</strong></span> <span class='ocrx_word' id='word_1_185' title='bbox 606 2865 740 2936; x_wconf 91' lang='lat' dir='ltr'><strong>uitando</strong></span> <span class='ocrx_word' id='word_1_186' title='bbox 755 2867 903 2954; x_wconf 88' lang='lat' dir='ltr'><strong>periculo</strong></span> <span class='ocrx_word' id='word_1_187' title='bbox 920 2866 1125 2952; x_wconf 85' lang='lat' dir='ltr'><strong>recipiamus.</strong></span> <span class='ocrx_word' id='word_1_188' title='bbox 1156 2861 1341 2944; x_wconf 84' lang='lat' dir='ltr'><strong>Quodideo</strong></span> 
     </span>
     <span class='ocr_line' id='line_1_25' title="bbox 218 2959 1341 3063; baseline -0.004 -26"><span class='ocrx_word' id='word_1_189' title='bbox 218 2972 311 3040; x_wconf 90' lang='lat' dir='ltr'><strong>uobis</strong></span> <span class='ocrx_word' id='word_1_190' title='bbox 328 2973 571 3061; x_wconf 88' lang='lat' dir='ltr'><strong>denunciamus,</strong></span> <span class='ocrx_word' id='word_1_191' title='bbox 589 2975 665 3060; x_wconf 90' lang='lat' dir='ltr'><strong>quia</strong></span> <span class='ocrx_word' id='word_1_192' title='bbox 677 2995 819 3063; x_wconf 88' lang='lat' dir='ltr'><strong>presens</strong></span> <span class='ocrx_word' id='word_1_193' title='bbox 836 2995 911 3044; x_wconf 90' lang='lat' dir='ltr'><strong>esse</strong></span> <span class='ocrx_word' id='word_1_194' title='bbox 927 2974 1070 3060; x_wconf 87' lang='lat' dir='ltr'><strong>debetis,</strong></span> <span class='ocrx_word' id='word_1_195' title='bbox 1087 2978 1121 3039; x_wconf 90' lang='lat' dir='ltr'><strong>et</strong></span> <span class='ocrx_word' id='word_1_196' title='bbox 1134 2959 1231 3056; x_wconf 83' lang='lat' dir='ltr'><strong>eopia</strong></span> <span class='ocrx_word' id='word_1_197' title='bbox 1246 2967 1341 3037; x_wconf 91' lang='lat' dir='ltr'><strong>uobis</strong></span> 
     </span>
     <span class='ocr_line' id='line_1_26' title="bbox 219 3075 1344 3172; baseline -0.004 -26"><span class='ocrx_word' id='word_1_198' title='bbox 219 3075 348 3148; x_wconf 79' lang='lat' dir='ltr'><strong>dabitur</strong></span> <span class='ocrx_word' id='word_1_199' title='bbox 363 3083 565 3170; x_wconf 78' lang='lat' dir='ltr'><strong>inpugnandi</strong></span> <span class='ocrx_word' id='word_1_200' title='bbox 581 3091 614 3153; x_wconf 92' lang='lat' dir='ltr'><strong>et</strong></span> <span class='ocrx_word' id='word_1_201' title='bbox 629 3084 815 3172; x_wconf 84' lang='lat' dir='ltr'><strong>excipiendi</strong></span> <span class='ocrx_word' id='word_1_202' title='bbox 825 3088 940 3152; x_wconf 90' lang='lat' dir='ltr'><strong>contra</strong></span> <span class='ocrx_word' id='word_1_203' title='bbox 949 3079 1134 3150; x_wconf 88' lang='lat' dir='ltr'><strong>huiusmodi</strong></span> <span class='ocrx_word' id='word_1_204' title='bbox 1153 3077 1344 3146; x_wconf 87' lang='lat' dir='ltr'><strong>testimonia</strong></span> 
     </span>
    </p>

    <p class='ocr_par' dir='ltr' id='par_1_6' title="bbox 324 3189 886 3260">
     <span class='ocr_line' id='line_1_27' title="bbox 324 3189 886 3260; baseline 0 -4"><span class='ocrx_word' id='word_1_205' title='bbox 324 3189 387 3257; x_wconf 86' lang='lat' dir='ltr'><strong>Hic</strong></span> <span class='ocrx_word' id='word_1_206' title='bbox 402 3197 453 3259; x_wconf 90' lang='lat' dir='ltr'><strong>est</strong></span> <span class='ocrx_word' id='word_1_207' title='bbox 468 3191 600 3260; x_wconf 89' lang='lat' dir='ltr'><strong>libellus</strong></span> <span class='ocrx_word' id='word_1_208' title='bbox 616 3191 886 3260; x_wconf 86' lang='lat' dir='ltr'><strong>conuentieoalis.</strong></span> 
     </span>
    </p>

    <p class='ocr_par' dir='ltr' id='par_1_7' title="bbox 221 3290 1345 4248">
     <span class='ocr_line' id='line_1_28' title="bbox 329 3290 1344 3386; baseline -0.009 -20"><span class='ocrx_word' id='word_1_209' title='bbox 329 3299 399 3385; x_wconf 78' lang='lat' dir='ltr'><strong>Ego</strong></span> <span class='ocrx_word' id='word_1_210' title='bbox 416 3299 530 3368; x_wconf 84' lang='lat' dir='ltr'><strong>Abbas</strong></span> <span class='ocrx_word' id='word_1_211' title='bbox 546 3299 667 3368; x_wconf 83' lang='lat' dir='ltr'><strong>Sancte</strong></span> <span class='ocrx_word' id='word_1_212' title='bbox 682 3300 796 3368; x_wconf 80' lang='lat' dir='ltr'><strong>(irucis</strong></span> <span class='ocrx_word' id='word_1_213' title='bbox 812 3305 888 3386; x_wconf 87' lang='lat' dir='ltr'><strong>pete</strong></span> <span class='ocrx_word' id='word_1_214' title='bbox 904 3303 1016 3364; x_wconf 83' lang='lat' dir='ltr'><strong>eoram</strong></span> <span class='ocrx_word' id='word_1_215' title='bbox 1034 3293 1129 3363; x_wconf 92' lang='lat' dir='ltr'><strong>uobis</strong></span> <span class='ocrx_word' id='word_1_216' title='bbox 1146 3290 1306 3360; x_wconf 85' lang='lat' dir='ltr'><strong>iudicibus</strong></span> <span class='ocrx_word' id='word_1_217' title='bbox 1323 3310 1344 3357; x_wconf 92' lang='lat' dir='ltr'><strong>a</strong></span> 
     </span>
     <span class='ocr_line' id='line_1_29' title="bbox 222 3398 1344 3493; baseline -0.005 -23"><span class='ocrx_word' id='word_1_218' title='bbox 222 3401 319 3471; x_wconf 81' lang='lat' dir='ltr'><strong>curta</strong></span> <span class='ocrx_word' id='word_1_219' title='bbox 328 3407 475 3474; x_wconf 88' lang='lat' dir='ltr'><strong>Romana</strong></span> <span class='ocrx_word' id='word_1_220' title='bbox 492 3405 665 3493; x_wconf 78' lang='lat' dir='ltr'><strong>delegatis,</strong></span> <span class='ocrx_word' id='word_1_221' title='bbox 680 3407 809 3474; x_wconf 86' lang='lat' dir='ltr'><strong>seilicet</strong></span> <span class='ocrx_word' id='word_1_222' title='bbox 823 3403 954 3473; x_wconf 85' lang='lat' dir='ltr'><strong>Abbate</strong></span> <span class='ocrx_word' id='word_1_223' title='bbox 966 3399 1135 3472; x_wconf 85' lang='lat' dir='ltr'><strong>Scotorum</strong></span> <span class='ocrx_word' id='word_1_224' title='bbox 1150 3401 1186 3466; x_wconf 95' lang='lat' dir='ltr'><strong>in</strong></span> <span class='ocrx_word' id='word_1_225' title='bbox 1195 3398 1344 3482; x_wconf 84' lang='lat' dir='ltr'><strong>WIenna,</strong></span> 
     </span>
     <span class='ocr_line' id='line_1_30' title="bbox 221 3507 1344 3601; baseline -0.005 -23"><span class='ocrx_word' id='word_1_226' title='bbox 221 3511 392 3598; x_wconf 85' lang='lat' dir='ltr'><strong>Proposito</strong></span> <span class='ocrx_word' id='word_1_227' title='bbox 407 3514 680 3601; x_wconf 77' lang='lat' dir='ltr'><strong>Newinburgensi</strong></span> <span class='ocrx_word' id='word_1_228' title='bbox 696 3517 729 3581; x_wconf 89' lang='lat' dir='ltr'><strong>et</strong></span> <span class='ocrx_word' id='word_1_229' title='bbox 744 3511 893 3580; x_wconf 90' lang='lat' dir='ltr'><strong>eiusdem</strong></span> <span class='ocrx_word' id='word_1_230' title='bbox 907 3507 1201 3578; x_wconf 80' lang='lat' dir='ltr'><strong>EcclesieDecano</strong></span> <span class='ocrx_word' id='word_1_231' title='bbox 1217 3524 1276 3591; x_wconf 93' lang='lat' dir='ltr'><strong>pro</strong></span> <span class='ocrx_word' id='word_1_232' title='bbox 1292 3525 1344 3573; x_wconf 94' lang='lat' dir='ltr'><strong>me</strong></span> 
     </span>
     <span class='ocr_line' id='line_1_31' title="bbox 223 3617 1344 3708; baseline -0.004 -24"><span class='ocrx_word' id='word_1_233' title='bbox 223 3625 257 3684; x_wconf 91' lang='lat' dir='ltr'><strong>et</strong></span> <span class='ocrx_word' id='word_1_234' title='bbox 272 3618 441 3688; x_wconf 78' lang='lat' dir='ltr'><strong>Oenuentu</strong></span> <span class='ocrx_word' id='word_1_235' title='bbox 456 3641 529 3690; x_wconf 86' lang='lat' dir='ltr'><strong>moe</strong></span> <span class='ocrx_word' id='word_1_236' title='bbox 545 3619 694 3708; x_wconf 89' lang='lat' dir='ltr'><strong>predium</strong></span> <span class='ocrx_word' id='word_1_237' title='bbox 710 3621 743 3687; x_wconf 93' lang='lat' dir='ltr'><strong>in</strong></span> <span class='ocrx_word' id='word_1_238' title='bbox 754 3621 950 3706; x_wconf 81' lang='lat' dir='ltr'><strong>Pomgarten</strong></span> <span class='ocrx_word' id='word_1_239' title='bbox 960 3617 1059 3686; x_wconf 88' lang='lat' dir='ltr'>XIIII</span> <span class='ocrx_word' id='word_1_240' title='bbox 1079 3633 1344 3684; x_wconf 91' lang='lat' dir='ltr'><strong>mansorumcum</strong></span> 
     </span>
     <span class='ocr_line' id='line_1_32' title="bbox 223 3719 1343 3815; baseline -0.004 -22"><span class='ocrx_word' id='word_1_241' title='bbox 223 3725 298 3794; x_wconf 85' lang='lat' dir='ltr'><strong>aliis</strong></span> <span class='ocrx_word' id='word_1_242' title='bbox 314 3727 385 3796; x_wconf 88' lang='lat' dir='ltr'><strong>eins</strong></span> <span class='ocrx_word' id='word_1_243' title='bbox 401 3729 633 3814; x_wconf 80' lang='lat' dir='ltr'><strong>pertinenciis,</strong></span> <span class='ocrx_word' id='word_1_244' title='bbox 649 3728 776 3798; x_wconf 88' lang='lat' dir='ltr'><strong>scilicet</strong></span> <span class='ocrx_word' id='word_1_245' title='bbox 792 3727 881 3814; x_wconf 78' lang='lat' dir='ltr'><strong>agris</strong></span> <span class='ocrx_word' id='word_1_246' title='bbox 890 3779 900 3813; x_wconf 95' lang='lat'><strong>,</strong></span> <span class='ocrx_word' id='word_1_247' title='bbox 915 3719 1049 3815; x_wconf 83' lang='lat' dir='ltr'><strong>pascuis</strong></span> <span class='ocrx_word' id='word_1_248' title='bbox 1057 3776 1067 3812; x_wconf 95' lang='lat'><strong>,</strong></span> <span class='ocrx_word' id='word_1_249' title='bbox 1094 3720 1343 3811; x_wconf 88' lang='lat' dir='ltr'><strong>piseationibus,</strong></span> 
     </span>
     <span class='ocr_line' id='line_1_33' title="bbox 224 3826 1344 3919; baseline -0.005 -17"><span class='ocrx_word' id='word_1_250' title='bbox 224 3855 286 3919; x_wconf 89' lang='lat' dir='ltr'><strong>qno</strong></span> <span class='ocrx_word' id='word_1_251' title='bbox 312 3835 462 3904; x_wconf 89' lang='lat' dir='ltr'><strong>dominns</strong></span> <span class='ocrx_word' id='word_1_252' title='bbox 487 3836 544 3904; x_wconf 83' lang='lat' dir='ltr'><strong>ch.</strong></span> <span class='ocrx_word' id='word_1_253' title='bbox 571 3834 612 3904; x_wconf 92' lang='lat' dir='ltr'><strong>de</strong></span> <span class='ocrx_word' id='word_1_254' title='bbox 627 3836 727 3904; x_wconf 83' lang='lat' dir='ltr'><strong>Altab</strong></span> <span class='ocrx_word' id='word_1_255' title='bbox 743 3835 829 3904; x_wconf 93' lang='lat' dir='ltr'><strong>bone</strong></span> <span class='ocrx_word' id='word_1_256' title='bbox 843 3835 999 3904; x_wconf 91' lang='lat' dir='ltr'><strong>memorie</strong></span> <span class='ocrx_word' id='word_1_257' title='bbox 1016 3832 1180 3918; x_wconf 87' lang='lat' dir='ltr'><strong>quondam</strong></span> <span class='ocrx_word' id='word_1_258' title='bbox 1196 3826 1344 3896; x_wconf 80' lang='lat' dir='ltr'><strong>Ecclesia</strong></span> 
     </span>
     <span class='ocr_line' id='line_1_34' title="bbox 222 3935 1345 4032; baseline -0.008 -22"><span class='ocrx_word' id='word_1_259' title='bbox 222 3951 335 4012; x_wconf 91' lang='lat' dir='ltr'><strong>nostre</strong></span> <span class='ocrx_word' id='word_1_260' title='bbox 352 3945 490 4012; x_wconf 86' lang='lat' dir='ltr'><strong>contulit</strong></span> <span class='ocrx_word' id='word_1_261' title='bbox 504 3945 685 4032; x_wconf 70' lang='lat' dir='ltr'><strong>proscinde</strong></span> <span class='ocrx_word' id='word_1_262' title='bbox 701 3947 809 4012; x_wconf 90' lang='lat' dir='ltr'><strong>anime</strong></span> <span class='ocrx_word' id='word_1_263' title='bbox 820 3963 887 4028; x_wconf 93' lang='lat' dir='ltr'><strong>sue,</strong></span> <span class='ocrx_word' id='word_1_264' title='bbox 901 3949 934 4010; x_wconf 90' lang='lat' dir='ltr'><strong>et</strong></span> <span class='ocrx_word' id='word_1_265' title='bbox 944 3961 1003 4010; x_wconf 89' lang='lat' dir='ltr'><strong>uos</strong></span> <span class='ocrx_word' id='word_1_266' title='bbox 1013 3939 1191 4008; x_wconf 88' lang='lat' dir='ltr'><strong>Wemhere</strong></span> <span class='ocrx_word' id='word_1_267' title='bbox 1200 3936 1241 4005; x_wconf 91' lang='lat' dir='ltr'><strong>de</strong></span> <span class='ocrx_word' id='word_1_268' title='bbox 1251 3935 1345 4006; x_wconf 90' lang='lat' dir='ltr'><strong>Ouen</strong></span> 
     </span>
     <span class='ocr_line' id='line_1_35' title="bbox 224 4037 1344 4139; baseline -0.008 -21"><span class='ocrx_word' id='word_1_269' title='bbox 224 4037 340 4120; x_wconf 82' lang='lat' dir='ltr'><strong>contra</strong></span> <span class='ocrx_word' id='word_1_270' title='bbox 355 4053 517 4121; x_wconf 84' lang='lat' dir='ltr'><strong>iusticiam</strong></span> <span class='ocrx_word' id='word_1_271' title='bbox 533 4051 737 4139; x_wconf 87' lang='lat' dir='ltr'><strong>occupastis,</strong></span> <span class='ocrx_word' id='word_1_272' title='bbox 753 4071 849 4137; x_wconf 89' lang='lat' dir='ltr'><strong>nam,</strong></span> <span class='ocrx_word' id='word_1_273' title='bbox 869 4071 942 4118; x_wconf 88' lang='lat' dir='ltr'><strong>cum</strong></span> <span class='ocrx_word' id='word_1_274' title='bbox 957 4069 998 4119; x_wconf 86' lang='lat' dir='ltr'><strong>ea</strong></span> <span class='ocrx_word' id='word_1_275' title='bbox 1014 4049 1183 4133; x_wconf 87' lang='lat' dir='ltr'><strong>aliquanto</strong></span> <span class='ocrx_word' id='word_1_276' title='bbox 1199 4051 1344 4131; x_wconf 90' lang='lat' dir='ltr'><strong>tempore</strong></span> 
     </span>
     <span class='ocr_line' id='line_1_36' title="bbox 224 4155 939 4248; baseline -0.003 -20"><span class='ocrx_word' id='word_1_277' title='bbox 224 4160 500 4247; x_wconf 87' lang='lat' dir='ltr'><strong>possedissemus,</strong></span> <span class='ocrx_word' id='word_1_278' title='bbox 517 4161 640 4232; x_wconf 82' lang='lat' dir='ltr'><strong>intusto</strong></span> <span class='ocrx_word' id='word_1_279' title='bbox 653 4159 772 4230; x_wconf 84' lang='lat' dir='ltr'><strong>fuimus</strong></span> <span class='ocrx_word' id='word_1_280' title='bbox 788 4155 939 4248; x_wconf 75' lang='lat' dir='ltr'><strong>errpulsi.¹</strong></span> 
     </span>
    </p>

    <p class='ocr_par' dir='ltr' id='par_1_8' title="bbox 332 4285 566 4361">
     <span class='ocr_line' id='line_1_37' title="bbox 332 4285 566 4361; baseline -0.009 -15"><span class='ocrx_word' id='word_1_281' title='bbox 332 4286 368 4346; x_wconf 87' lang='lat' dir='ltr'><strong>V.</strong></span> <span class='ocrx_word' id='word_1_282' title='bbox 382 4285 462 4360; x_wconf 81' lang='lat' dir='ltr'><strong>(Siue</strong></span> <span class='ocrx_word' id='word_1_283' title='bbox 474 4286 566 4361; x_wconf 85' lang='lat' dir='ltr'><strong>dcto.)</strong></span> 
     </span>
    </p>

    <p class='ocr_par' dir='ltr' id='par_1_9' title="bbox 227 4367 1347 4567">
     <span class='ocr_line' id='line_1_38' title="bbox 333 4367 1347 4468; baseline -0.007 -23"><span class='ocrx_word' id='word_1_284' title='bbox 333 4379 369 4446; x_wconf 80' lang='lat' dir='ltr'><strong>F.</strong></span> <span class='ocrx_word' id='word_1_285' title='bbox 394 4380 457 4448; x_wconf 89' lang='lat' dir='ltr'><strong>Dei</strong></span> <span class='ocrx_word' id='word_1_286' title='bbox 481 4380 596 4468; x_wconf 80' lang='lat' dir='ltr'><strong>gracia</strong></span> <span class='ocrx_word' id='word_1_287' title='bbox 620 4378 803 4449; x_wconf 82' lang='lat' dir='ltr'><strong>venerabili</strong></span> <span class='ocrx_word' id='word_1_288' title='bbox 818 4378 941 4449; x_wconf 81' lang='lat' dir='ltr'><strong>Abbati</strong></span> <span class='ocrx_word' id='word_1_289' title='bbox 964 4377 1138 4445; x_wconf 87' lang='lat' dir='ltr'><strong>Scotorum</strong></span> <span class='ocrx_word' id='word_1_290' title='bbox 1158 4371 1191 4438; x_wconf 94' lang='lat' dir='ltr'><strong>in</strong></span> <span class='ocrx_word' id='word_1_291' title='bbox 1207 4367 1347 4438; x_wconf 78' lang='lat' dir='ltr'><strong>Wionnu</strong></span> 
     </span>
     <span class='ocr_line' id='line_1_39' title="bbox 227 4479 1347 4567; baseline -0.011 -11"><span class='ocrx_word' id='word_1_292' title='bbox 227 4495 259 4556; x_wconf 90' lang='lat' dir='ltr'><strong>et</strong></span> <span class='ocrx_word' id='word_1_293' title='bbox 274 4489 310 4555; x_wconf 80' lang='lat' dir='ltr'><strong>F.</strong></span> <span class='ocrx_word' id='word_1_294' title='bbox 326 4489 461 4556; x_wconf 88' lang='lat' dir='ltr'><strong>Decano</strong></span> <span class='ocrx_word' id='word_1_295' title='bbox 478 4489 520 4556; x_wconf 92' lang='lat' dir='ltr'><strong>de</strong></span> <span class='ocrx_word' id='word_1_296' title='bbox 535 4487 754 4558; x_wconf 83' lang='lat' dir='ltr'><strong>Newinbnrcb</strong></span> <span class='ocrx_word' id='word_1_297' title='bbox 770 4485 827 4556; x_wconf 80' lang='lat' dir='ltr'><strong>ch.</strong></span> <span class='ocrx_word' id='word_1_298' title='bbox 844 4481 1133 4567; x_wconf 83' lang='lat' dir='ltr'><strong>Newinburgensis</strong></span> <span class='ocrx_word' id='word_1_299' title='bbox 1158 4479 1347 4564; x_wconf 83' lang='lat' dir='ltr'><strong>Propositus</strong></span> 
     </span>
    </p>
   </div>
   <div class='ocr_carea' id='block_1_5' title="bbox 224 4581 1346 4756">
    <p class='ocr_par' dir='ltr' id='par_1_10' title="bbox 224 4581 1346 4756">
     <span class='ocr_line' id='line_1_40' title="bbox 224 4581 1346 4756; baseline -0.013 -92"><span class='ocrx_word' id='word_1_300' title='bbox 224 4597 402 4665; x_wconf 83' lang='lat' dir='ltr'><strong>iratsmam</strong></span> <span class='ocrx_word' id='word_1_301' title='bbox 418 4597 452 4666; x_wconf 88' lang='lat' dir='ltr'><strong>In</strong></span> <span class='ocrx_word' id='word_1_302' title='bbox 462 4595 592 4666; x_wconf 75' lang='lat' dir='ltr'><strong>(ibristo</strong></span> <span class='ocrx_word' id='word_1_303' title='bbox 609 4594 819 4666; x_wconf 86' lang='lat' dir='ltr'><strong>dilectionem</strong></span> <span class='ocrx_word' id='word_1_304' title='bbox 835 4605 909 4665; x_wconf 87' lang='lat' dir='ltr'><strong>eum</strong></span> <span class='ocrx_word' id='word_1_305' title='bbox 925 4587 1133 4659; x_wconf 85' lang='lat' dir='ltr'><strong>oracionibus</strong></span> <span class='ocrx_word' id='word_1_306' title='bbox 1147 4581 1346 4756; x_wconf 47' lang='lat' dir='ltr'><strong>{emmim</strong></span> 
     </span>
    </p>
   </div>
   <div class='ocr_carea' id='block_1_6' title="bbox 0 0 1601 5030">
    <p class='ocr_par' dir='ltr' id='par_1_11' title="bbox 0 0 1601 5030">
     <span class='ocr_line' id='line_1_41' title="bbox 0 0 1601 5030; baseline 0 0"><span class='ocrx_word' id='word_1_307' title='bbox 0 0 1601 5030; x_wconf 95' lang='lat' dir='ltr'><strong> </strong></span> 
     </span>
    </p>
   </div>
  </div>
 </body>
</html>
