3184 5064
837 237 903 304 308

860 327 957 336 ..—-

313 441 523 521 vttenemur,
547 434 744 521 magistrum
756 434 984 502 Alexandrum
993 431 1259 502 concanonicum
1278 439 1444 515 nostrum,

313 545 418 610 cunm
441 540 620 612 discretum
645 561 717 610 cum
744 541 876 610 domino
897 541 1048 626 nubere,
1082 540 1231 608 Iohanne
1256 537 1387 606 Comite
1418 545 1452 606 et

313 650 393 718 uteo
409 649 566 735 predictis
581 647 859 734 transmiserimus,
885 651 920 718 in
935 649 1027 718 cuius
1038 645 1211 734 presencia
1222 667 1296 716 cunr
1320 645 1450 730 abbas,

313 757 431 826 Comes
454 757 621 826 Iohannes
638 762 672 826 et
687 757 767 826 lllec
782 756 933 844 predicti,
950 757 1141 828 convocatis
1158 755 1396 822 commetnneis
1416 761 1451 822 et

312 863 441 951 uicinis,
455 871 577 934 terram
592 867 775 951 predictum
796 871 1043 952 peragrassent,
1075 871 1109 934 et
1132 863 1219 932 idem
1244 862 1325 930 Elec
1350 881 1449 930 snm

313 975 362 1042 eis
378 974 564 1060 aperuisset
579 975 800 1059 voluntatem,
818 974 906 1058 qnod
920 980 1030 1060 ipsam
1045 978 1167 1042 terram
1182 972 1308 1040 Abbati
1329 978 1364 1036 et
1380 971 1449 1038 llo·

311 1082 455 1150 murlo
471 1080 588 1150 Sancti
603 1081 737 1148 Martini
754 1080 906 1150 conferre
921 1080 964 1148 ob
980 1099 1039 1149 sne
1055 1082 1165 1152 anime
1190 1078 1374 1148 remedium
1398 1079 1447 1144 in-

312 1189 488 1276 tendebat;
506 1190 704 1260 unanimiter
719 1187 973 1278 responderunt,
990 1188 1078 1274 quod
1095 1188 1259 1276 prelatum
1275 1187 1448 1256 dominnm

312 1297 478 1364 Abbatem
499 1303 534 1364 et
548 1299 781 1366 Menanterium
797 1298 910 1366 Sancti
925 1299 1060 1367 Martini
1074 1297 1257 1366 liberaliter
1282 1301 1315 1365 et
1340 1295 1447 1364 liben-

311 1411 363 1472 ter
378 1405 450 1472 sine
465 1403 729 1475 contradiccionc
745 1409 859 1492 aliqua
875 1407 909 1475 in
926 1425 1021 1474 sunm
1048 1404 1189 1476 uicinum
1214 1410 1247 1472 et
1272 1409 1449 1474 commeta·

311 1533 409 1580 neum
420 1512 648 1582 admittebant.
666 1514 879 1584 Postmodum
888 1533 968 1582 nero
979 1513 1166 1601 sepedictus
1183 1513 1263 1582 lllec
1286 1511 1322 1578 in
1341 1513 1449 1580 nostri

311 1619 1449 1708 presenciaconstitutusoonfessusest‚quodprediotamtemmauam

311 1730 451 1818 Dyonyr
463 1729 678 1816 proremedio
695 1730 805 1798 anime
815 1749 884 1814 sue,
896 1747 957 1796 neu
973 1747 1109 1816 nonpro
1125 1728 1283 1796 trecentis
1300 1733 1448 1812 quatuor

314 1838 456 1925 mercis,
472 1857 557 1921 quas
573 1839 745 1908 consessus
762 1843 812 1906 est
829 1833 967 1906 eundem
992 1837 1156 1906 Abbatem
1181 1857 1242 1906 sno
1268 1853 1308 1904 ae
1333 1837 1449 1904 lione·

316 1945 409 2014 sterii
424 1945 474 2012 sui
489 1947 622 2014 nornine
639 1945 702 2014 sibi
719 1947 787 2012 ium
803 1943 927 2012 dudum
943 1943 1352 2031 persolnisneadplennm,
1368 1962 1449 2010 con·

312 2053 433 2121 tulerat
449 2053 513 2140 ipsi
530 2053 661 2122 domino
678 2054 803 2122 Abbati
818 2073 857 2122 ac
873 2052 1073 2120 lionasterio
1093 2053 1208 2121 Sancti
1223 2049 1356 2121 Martini
1371 2071 1448 2119 cnm

311 2159 436 2230 duobus
453 2161 573 2247 seruis,
590 2161 680 2232 Beed
697 2169 730 2230 et
745 2162 826 2244 Iteu,
844 2179 884 2228 ac
899 2181 964 2229 vno
980 2161 1135 2229 libertino
1151 2161 1282 2228 nomine
1297 2160 1447 2245 Andrea,

310 2267 446 2355 pacifice
462 2275 495 2338 et
510 2271 619 2354 quiete
635 2271 678 2338 de
696 2276 804 2338 cetero
821 2267 1076 2357 possidendam:
1099 2287 1139 2336 ee
1155 2269 1398 2354 proprietatem
1414 2275 1448 2336 et

310 2375 488 2443 dominium
505 2377 652 2446 eiusdem
669 2379 703 2447 in
719 2379 883 2464 prefatum
898 2377 1132 2446 Monastcrium
1162 2377 1279 2444 Sancti
1308 2377 1448 2444 Martini

310 2484 478 2552 transtulit
493 2485 591 2570 pleno
608 2486 686 2574 iure,
705 2487 830 2554 nullum
849 2486 882 2552 in
899 2505 941 2553 ea
956 2484 1006 2554 ius
1025 2486 1089 2553 sibi
1105 2486 1159 2553 vel
1176 2483 1246 2553 suis
1262 2482 1446 2552 heredibus

309 2593 520 2661 reservando.
544 2595 625 2680 Ipsa
650 2615 728 2662 uero
754 2601 843 2662 terra
868 2599 921 2660 est
946 2593 1092 2679 undique
1118 2595 1316 2677 consignata
1347 2593 1447 2662 metis

310 2700 476 2767 veteribus
492 2703 695 2787 abantiquis,
713 2722 776 2788 que
792 2701 1015 2790 perveniendo
1026 2701 1071 2770 ad
1081 2720 1235 2786 magnum
1252 2702 1447 2769 Danubium

309 2829 330 2876 a
345 2813 433 2876 terra
447 2809 601 2880 villarum
619 2809 712 2878 Ohun
729 2817 762 2877 et
781 2809 940 2880 Vruawar
957 2809 1074 2894 (Ostur,
1091 2807 1268 2894 Oroszvbr)
1287 2829 1347 2895 per
1363 2829 1446 2877 enn-

310 2917 385 2983 dem
400 2917 587 2984 Danubium
603 2927 809 3004 separantur.
834 2919 878 2986 Vt
905 2917 1108 3005 igiturhuius
1134 2921 1182 2986 rei
1208 2919 1312 2985 series
1341 2919 1446 2985 robur

309 3021 458 3108 optineat
477 3025 640 3094 firmitatis
667 3035 846 3111 perpetue,
872 3027 1142 3111 adpetitionem
1173 3025 1320 3093 eiusdem
1345 3026 1444 3110 Elec,

309 3129 435 3218 Abbati
464 3138 497 3200 et
527 3133 730 3202 Monas¹erio
748 3135 863 3202 Sancti
893 3133 1027 3203 Martini
1058 3131 1235 3218 sepedictis
1265 3141 1445 3218 presentes

310 3219 534 3309 concessimus
551 3241 678 3310 litteras
694 3243 798 3309 nostri
816 3243 919 3329 sigilli
944 3243 1117 3310 munimine
1141 3241 1326 3310 roboratas.
1345 3241 1445 3308 Anno

307 3348 440 3416 Domini
455 3349 515 3416 ll⁰.
533 3349 612 3416 00⁰.
646 3349 917 3435 quinquagesimo
949 3358 1078 3420 octavo.
1103 3349 1259 3434 (lhepano
1289 3349 1446 3416 Ecclesia

307 3464 423 3524 nostre
440 3458 625 3544 Proposito.
657 3459 798 3526 Iurlrone
816 3460 969 3544 (lentore,
989 3459 1117 3528 Thomu
1134 3458 1279 3528 Custode
1296 3456 1444 3526 existen·

227 3657 231 3665 Ι
310 3563 411 3632 tibus.

305 3751 483 3827 (Erodetiea
504 3757 888 3834 esent-mertonifdapdtsdg
913 3753 1119 3818 levdltrlrdb'an.
1146 3759 1322 3832 Ugyanezen
1348 3764 1446 3833 ilgyre

306 3847 482 3904 vonatlronilr
496 3865 513 3903 a
526 3848 772 3908 sndkeeiehdrvdri
785 3849 925 3923 lrtlptalan
944 3850 1056 3907 suinte'u
1071 3851 1183 3907 raus-kt
1207 3850 1361 3922 olrmrlnya,
1387 3850 1446 3906 Fe·

570 3938 664 4010 jdrndl
676 3937 743 3996 Ood.
757 3941 836 4014 Dipl.
861 3941 926 3998 Vll.
940 3939 968 4000 lr.
982 3941 1003 3998 l.
1019 3961 1041 3997 r.
1055 3941 1119 3998 309.
1132 3939 1164 4011 l.)

763 4243 974 4256 uun—u*
