3282 5032
745 234 900 404 A

260 491 418 578 seruicia,
434 492 478 564 ad
494 513 556 577 que
572 491 742 559 vduornici
757 489 799 557 de
815 489 957 576 Hymud.
981 489 1027 590 ‚In
1045 491 1162 559 eodem
1177 491 1291 580 predio
1306 501 1383 562 sunt

260 601 529 668 1111man'sionss
546 600 729 676 labrorum„
744 605 778 665 cl
793 586 848 666 isti
873 604 1024 666 tenentur
1039 599 1122 666 sicut
1138 600 1195 666 alii
1212 599 1307 668 labri
1340 602 1383 668 lit
1403 658 1406 666 .

260 709 381 776 ibidem
398 716 449 775 est
464 727 549 775 unus
565 725 664 774 cocus
680 727 752 773 oum
770 704 845 773 liliis
861 706 990 778 nomine
1001 705 1139 774 Vodrus.
1151 707 1261 776 Habet
1274 715 1382 776 autem

260 817 417 883 villahec
432 818 552 882 terram
569 814 613 880 ud
628 817 661 884 X
677 819 789 880 aratra
799 863 807 896 ,
834 813 937 881 siluas
962 815 1142 882 multaret
1162 803 1281 884 feneis.
1312 815 1383 883 Heo

261 929 369 990 eutem
383 931 472 992 terra
487 933 537 992 est
552 922 694 1006 undique
711 921 858 1009 pluribus
874 921 968 988 metis
984 929 1121 1004 metata,¹
1130 922 1383 990 conterminales

242 1013 360 1100 ‘villas
376 1033 476 1100 babet
498 1033 579 1100 bas:
606 1033 719 1117 Psya,
743 1028 890 1119 wysla,
916 1029 998 1098 villa
1022 1018 1253 1116 castrensium,
1268 1030 1385 1120 mynor

262 1139 386 1228 Tepey.
553 1148 556 1152 ’
583 1233 585 1238 ¹

368 1265 407 1330 In
429 1263 596 1330 minore
618 1264 769 1352 Tepey
791 1265 854 1332 beo
884 1269 960 1330 sunt
988 1263 1121 1332 nomina
1147 1263 1381 1351 jobagionum:

262 1371 388 1456 Reuka,
403 1372 522 1456 Mersa,
539 1372 678 1454 Puncer,
695 1371 770 1459 Otb,
787 1377 820 1438 eb
834 1371 890 1438 isti
905 1378 1056 1440 tenentur
1070 1419 1382 1440 ..........

262 1480 401 1547 Terram
425 1498 503 1547 uero
528 1484 561 1546 et
584 1473 710 1566 pascua
734 1499 906 1566 peccorum
926 1478 1049 1546 babent
1072 1478 1282 1547 communitor
1313 1497 1384 1546 cum

160 1677 164 1684 ν
263 1587 353 1656 villa.

369 1713 1385 1810 IncenobioSanctiJaoobiouodwlgoRcmete

265 1821 400 1908 dicitnr,
425 1823 525 1888 habet
548 1822 700 1890 Ecclesia
724 1829 845 1889 terram
869 1823 913 1889 ad
939 1824 1002 1890 duo
1019 1829 1131 1890 aratra
1147 1823 1188 1890 ex
1204 1821 1386 1888 donacione

265 1931 388 1998 domini
402 1929 481 1996 Bele
498 1930 610 2016 Regis,
635 1929 840 2014 assignatam
864 1929 927 1996 sibi
951 1950 1023 1996 oum
1048 1931 1142 1997 melis
1167 1921 1208 2008 en
1232 1927 1385 1996 mandato

264 2039 367 2121 ipsius
392 2057 451 2122 per
475 2035 555 2124 Isyp
576 2037 772 2122 ,magistrum
798 2037 1025 2122 pincernarum
1048 2037 1150 2122 Regis
1167 2035 1338 2104 Colomani
1354 2043 1387 2102 et

266 2143 487 2211 centurionem
503 2145 634 2210 nomine
648 2139 772 2210 Warou
780 2193 797 2228 ‚A
815 2145 900 2210 siout
915 2145 948 2211 in
964 2145 1136 2230 priuilegio
1152 2143 1273 2214 domini
1288 2141 1387 2226 Regis

264 2250 394 2338 plenius
411 2249 602 2317 continetur.
646 2297 649 2302 ,
1180 2242 1184 2251 '
1271 2269 1273 2272 ’

373 2393 412 2459 In
427 2392 542 2479 predio
558 2393 695 2462 Gutus
711 2394 863 2462 Ecclesia
878 2393 979 2462 babet
995 2397 1059 2464 duo
1075 2399 1187 2464 aratra
1201 2400 1234 2460 et
1248 2391 1282 2458 X
1297 2413 1385 2460 man·

267 2501 376 2568 aiones
393 2519 571 2585 seruorum,
587 2519 721 2584 quornm
737 2503 868 2568 nomina
882 2511 958 2570 sunt
972 2503 1051 2570 hec:
1068 2503 1186 2587 Baths,
1196 2493 1396 2588 Karaobyn,'

266 2607 378 2676 Budnr
402 2613 435 2673 et
460 2609 569 2674 ceteri.
584 2608 632 2680 ¹In
650 2608 766 2678 eodem
783 2608 895 2694 predio
910 2611 972 2677 beo
987 2619 1063 2678 sunt
1078 2611 1209 2678 nomina
1223 2609 1387 2677 cubicula·

267 2716 406 2782 riorum:
433 2711 565 2798 Moror,
589 2713 713 2800 Zyget,
738 2715 915 2799 Joulegeu,
940 2717 996 2800 qui
1020 2737 1092 2784 oum
1110 2737 1171 2784 sua
1185 2717 1387 2802 cognacione

232 2843 233 2848 ¹
266 2827 377 2909 preter
391 2822 547 2907 paruulos
564 2827 597 2886 et
612 2821 747 2890 iuuenes
764 2828 840 2888 sunt
855 2822 917 2889 Vll
931 2825 1127 2908 mansiones,
1152 2830 1185 2892 el
1199 2823 1255 2892 isti
1271 2831 1387 2890 teuen-

268 2938 320 2996 tnr
335 2929 379 2997 ad
394 2928 514 2994 similia
530 2927 671 2996 seruicia
686 2931 770 2996 sicut
785 2927 979 2997 cubicularii
993 2933 1034 2998 de
1050 2931 1191 3018 Hymud.
1217 2933 1256 2998 In
1272 2931 1387 2998 ecdem

267 3037 380 3126 predio
398 3042 472 3104 sunt
487 3055 647 3123 precones
663 3036 810 3124 Nembyn
827 3057 899 3104 cum
923 3039 998 3105 liliis
1024 3045 1057 3106 et
1081 3041 1252 3124 cognatis,
1272 3038 1309 3106 'et
1333 3037 1388 3105 isti

267 3163 366 3230 pares
391 3148 465 3212 sunl
489 3143 524 3208 in
548 3142 688 3212 seruicio
713 3143 786 3212 aliis
811 3145 1017 3230 preconibus.
1049 3147 1389 3220 ibidem-eciamsnnt

268 3253 409 3338 pistores
425 3251 489 3319 duc
503 3251 691 3319 mansiones
707 3253 780 3320 Era
797 3260 830 3320 et
845 3253 954 3338 Helya
970 3271 1043 3319 oum
1059 3251 1146 3319 liliis.
1157 3257 1313 3323 Preterea
1328 3253 1388 3320 lic·

269 3361 373 3428 clesia
388 3358 509 3426 ibidem
533 3359 632 3428 hebet
656 3361 739 3428 alios
763 3360 911 3435 homines
936 3359 1103 3428 debitores
1119 3361 1162 3427 ud
1178 3367 1288 3429 celere
1302 3356 1389 3447 (igy)

270 3467 399 3542 officia:
422 3466 536 3553 Baoba
560 3488 634 3536 cum
654 3468 728 3536 liliis
746 3475 778 3534 et
792 3469 953 3551 cognatis.
984 3467 1054 3536 Heo
1070 3475 1180 3538 autem
1195 3467 1275 3534 villa
1290 3466 1390 3534 habet

270 3577 392 3638 terram
408 3579 442 3638 et
456 3573 575 3639 siluam
591 3593 745 3657 magnam
761 3575 845 3642 inter
860 3573 939 3644 duos
955 3575 1046 3644 lucus
1070 3575 1195 3644 lutosas
1211 3573 1309 3642 certis
1325 3593 1389 3640 me·

270 3679 313 3746 tis
330 3679 572 3746 circumdatam.

377 3827 417 3892 ‘ln
433 3823 545 3912 predio
560 3823 678 3910 Nary
689 3825 710 3891 b
720 3845 773 3909 ag
797 3827 830 3892 in
855 3827 936 3894 villa
951 3827 1076 3894 Petend
1090 3825 1313 3894 libertinorum
1328 3823 1390 3892 bec
1465 3912 1470 3918 ,

271 3942 348 4004 sunt
361 3927 513 4002 nomina:
531 3933 709 4018 Georgius,
726 3933 847 4015 Whus,
864 3935 966 4019 Paul,
985 3935 1092 4016 Pana,
1110 3933 1231 4018 Poura,
1247 3931 1303 4016 qui
1318 3952 1389 3999 cum

271 4063 335 4112 sua
350 4043 550 4129 cognacione
566 4049 675 4129 preter
697 4041 855 4127 paruulos
881 4047 915 4108 et
937 4043 1073 4110 iuuenes
1098 4048 1173 4108 sunt
1197 4039 1391 4126 vigintiduo
1460 4117 1461 4120 Ἴ

271 4153 470 4220 mansiones.
490 4151 533 4216 Et
548 4149 603 4216 isti
619 4149 786 4216 annuatim
802 4154 953 4216 tenentur
969 4149 1048 4216 dure
1064 4148 1202 4232 quilibet
1217 4167 1327 4214 eorum
1343 4145 1390 4210 di-

272 4259 406 4328 midium
422 4258 583 4325 fertonem
599 4264 632 4324 et
648 4263 759 4325 cetera
775 4257 917 4326 seruicia
933 4257 1019 4325 siout
1034 4257 1091 4324 alii
1107 4255 1262 4324 libertini.
1278 4253 1391 4320 Ethec

271 4367 355 4434 villa
370 4365 548 4434 secundum
563 4383 767 4432 communem
783 4365 1081 4434 consideracionem
1098 4363 1278 4430 uicinorum
1293 4360 1392 4428 habel

272 4479 393 4540 terram
408 4471 453 4540 ad
467 4473 500 4538 X
515 4479 644 4560 aratra,
670 4481 703 4543 el
728 4476 870 4544 fanetum
886 4475 930 4551 ad
945 4474 1078 4542 totidem
1094 4471 1237 4560 (eentum
1262 4466 1391 4555 iugera)

274 4584 396 4664 aratra,
412 4577 515 4646 siluas
531 4599 608 4648 uero
624 4584 657 4649 in
673 4581 800 4653 duobus
815 4583 898 4649 locis
914 4579 957 4648 ad
972 4581 1113 4648 ducente
1128 4579 1263 4663 iugera,
1282 4583 1392 4665 preter
