3184 5064
694 250 852 368 Q

207 455 429 542 pluriumque
446 457 604 522 nullorum
622 455 754 524 fueraut
767 459 1019 542 velpaucornm.
1036 453 1078 518 llt
1089 449 1336 536 ideoquaudam

211 563 352 631 insulam
368 564 401 630 in
419 563 572 632 Balatino
589 565 803 648 existentem,
832 565 886 630 rbi
903 563 1035 646 qnidam
1053 579 1145 625 mons
1162 561 1337 627 municicni

208 677 309 759 aptus
325 672 450 756 existit,
467 671 616 740 Ecclesia
632 674 745 740 Sancti
761 673 893 740 Martini
910 671 951 737 de
968 672 1069 738 Sacro
1084 669 1193 736 Monte
1211 670 1338 736 Panno·

207 779 261 848 nie
277 779 514 850 destinauimus
531 780 773 866 conferendam,
792 788 826 849 rt
842 782 875 846 in
892 779 968 866 ipsa
979 778 1094 846 eadem
1108 785 1251 844 castrum
1269 775 1335 844 cdi-

209 887 343 974 ficaret,
370 907 432 972 que
459 889 503 956 ad
529 887 563 954 id
590 888 774 956 faciendum
801 897 918 974 potens
945 895 995 954 est
1012 893 1045 953 et
1060 886 1242 953 abundans.
1268 884 1338 964 Quo

208 997 339 1081 quidem
357 997 476 1079 insula,
493 997 571 1063 licet
586 994 706 1063 dudum
724 997 769 1063 ad
786 996 982 1063 Comitatum
1006 995 1219 1078 pertinuisset
1245 993 1339 1061 Zala-

209 1107 366 1191 diensem,
397 1125 417 1170 a
434 1107 542 1190 longis
558 1115 668 1172 tumen
684 1109 867 1174 retroactis
886 1104 1084 1191 temporibus
1109 1113 1250 1170 acastro
1265 1105 1338 1190 ipso

211 1221 364 1300 exempta
375 1233 433 1298 per
444 1215 614 1280 multorum
627 1234 742 1282 manus
759 1215 844 1281 inter
855 1213 1228 1298 ceterasperpctuitates
1245 1214 1335 1281 uelut

209 1321 352 1390 erratica
369 1329 506 1408 optenta
523 1319 583 1387 init
609 1331 641 1388 et
657 1341 828 1408 possessa,
856 1324 961 1406 primo
986 1322 1140 1388 videlicet
1167 1341 1226 1406 per
1242 1318 1335 1409 Ogya

210 1429 355 1514 Barium,
381 1429 586 1514 postmodum
619 1450 677 1516 per
708 1431 885 1498 Kalianurn
907 1429 1064 1497 Comitem
1095 1431 1336 1516 Zaladiensem,

96 1567 98 1570 ·
209 1557 273 1620 qno
289 1538 393 1604 eciam
411 1538 537 1620 absque
556 1537 730 1606 heredibus
756 1538 918 1621 defuneto,
937 1539 979 1604 ad
1000 1539 1208 1606 karissimum
1235 1536 1337 1605 tilium

209 1650 354 1712 nostrum
372 1645 497 1731 Regem
515 1647 715 1732 Stephanum
732 1667 796 1712 vna
813 1667 883 1712 cum
902 1647 1064 1713 Comitatu
1080 1645 1269 1714 Zaladiensi
1296 1665 1338 1712 ex

210 1761 323 1822 nostra
349 1755 563 1822 concessione
589 1753 651 1820 luit
676 1755 844 1824 deuoluta.
868 1754 1087 1824 Attendentes
1112 1753 1224 1840 igitur,
1251 1756 1338 1839 quod

208 1883 267 1948 per
283 1861 368 1928 hunc
385 1862 602 1930 fauorabilem
619 1863 835 1938 donacionem
862 1865 1018 1948 religioso
1044 1864 1117 1930 loco
1135 1861 1257 1930 iactam
1272 1864 1334 1932 Re-

212 1971 269 2053 gia
285 1971 421 2038 deuocio
448 1973 662 2056 spiritualiter
688 1973 751 2039 sibi
769 1993 809 2038 ac
825 1973 893 2040 suis
920 1973 1032 2039 liberis
1057 1972 1230 2058 proliceret
1253 1969 1342 2057 apud

214 2079 329 2168 Deum,
348 2087 381 2146 et
399 2078 584 2147 defensioni
610 2067 833 2148 subiectorum
857 2099 988 2148 suorum
1015 2080 1200 2148 consuleret
1221 2079 1252 2146 in
1270 2099 1341 2165 prs-

216 2187 313 2270 srnti,
330 2186 418 2255 abito
435 2206 597 2255 consensu
614 2189 783 2256 karissimi
798 2187 858 2256 filii
880 2189 982 2254 nostri
999 2187 1160 2274 Stephani
1184 2207 1242 2274 pro
1259 2207 1343 2254 nuuc

212 2296 356 2363 eiusdem
375 2295 482 2364 insule
492 2297 704 2384 possessoris,
722 2297 828 2383 ipsam
846 2297 987 2364 insulam
1015 2317 1090 2364 curn
1106 2297 1256 2365 omnibns
1272 2295 1342 2362 suis

211 2403 417 2487 utilitatibus,
434 2405 560 2472 scilicet
577 2425 647 2472 cum
665 2407 762 2492 villis,
780 2407 885 2490 siluis,
904 2407 1021 2494 vineis,
1039 2406 1171 2489 ferretis,
1189 2405 1294 2492 pratis
1310 2413 1343 2472 et

211 2513 454 2595 piscacionibus
470 2532 510 2580 ac
526 2513 600 2580 aliis
627 2513 901 2599 circonstanciis,
918 2516 1002 2581 sient
1029 2537 1050 2582 a
1074 2512 1240 2601 prioribus
1266 2531 1343 2598 pos-

212 2621 396 2690 sessoribus
412 2641 570 2706 possetsa
587 2624 704 2707 extitit,
722 2631 901 2691 memorato
930 2622 1130 2694 llonasterio
1146 2622 1240 2689 Santi
1257 2622 1343 2689 Mar·

214 2727 273 2794 tini
304 2729 345 2796 de
371 2729 479 2802 Sacro¹
509 2732 618 2797 Monte
655 2729 824 2798 Pannonia
859 2750 916 2815 pro
952 2737 1065 2796 nostra
1103 2737 1136 2795 et
1166 2729 1344 2796 liberorum

215 2847 397 2904 nostrorum
429 2837 536 2903 salute
563 2837 756 2903 donabimus
782 2857 820 2902 ac
849 2836 1062 2921 tradidimus,
1094 2857 1135 2902 ao
1160 2855 1219 2920 per
1243 2853 1343 2922 snpra

213 2943 335 3011 dictum
378 2945 583 3012 karissimum
624 2944 723 3010 filium
775 2952 922 3012 nostrum
957 2944 1092 3028 donari,
1114 2942 1344 3029 'predictoque

217 3057 415 3122 monasterio
447 3054 615 3140 assignari
639 3053 775 3120 lecimus
799 3061 956 3140 perpetuo
980 3049 1225 3140 possidendam.
1252 3051 1294 3118 ut
1310 3059 1344 3116 ut

216 3161 336 3228 dictum
373 3162 604 3230 monasterium
642 3161 852 3230 irreuocabili
892 3163 997 3230 insule
1032 3162 1139 3248 ipsius
1182 3159 1343 3244 posscssi-

214 3291 279 3338 ons
303 3271 449 3353 gaudeat
480 3271 756 3357 corporali,.viro
782 3272 967 3339 venerabili
993 3271 1104 3335 Fauus
1127 3265 1250 3334 Abbati
1275 3269 1344 3336 Mo·

214 3379 350 3445 nestorii
376 3378 557 3463 supradicti
582 3379 788 3465 promisimus
814 3379 903 3444 bona
928 3373 993 3444 tide
1009 3377 1079 3442 sine
1104 3375 1231 3462 fraude,
1256 3374 1345 3460 quod

214 3487 320 3572 ipsum
334 3485 589 3570 Monasteriurn,
614 3486 792 3569 Abbatem,
818 3487 1019 3554 conuentum
1038 3489 1197 3555 eteorum
1214 3501 1345 3554 sucees-

214 3612 305 3659 sores
321 3595 353 3660 in
370 3613 448 3680 sepe
466 3597 556 3662 dicte
583 3595 689 3662 insule
705 3593 916 3681 possessione
943 3593 1213 3661 conseruabimus
1230 3599 1263 3658 et
1285 3609 1346 3677 per

214 3699 353 3770 heredes
379 3711 510 3771 nostros
537 3705 644 3771 eciam
669 3703 827 3772 faciemus
853 3708 1011 3791 perpetuo
1040 3702 1246 3788 conseruari;
1272 3721 1345 3771 oum

215 3804 335 3873 dietum
350 3813 585 3880 monasterium
611 3813 801 3900 precipuum
826 3812 870 3879 sit
896 3814 981 3880 inter
997 3811 1066 3879 alia
1092 3813 1217 3881 Corone
1234 3815 1346 3878 nostre

214 3919 436 4003 monasteria,
461 3919 600 4005 ideoque
616 3919 805 4008 specialiori
821 3941 933 3989 amore
950 3917 1122 3988 ethonore
1138 3921 1221 3987 inter
1237 3925 1349 3989 cetere

215 4025 481 4114 confouendum,
502 4049 567 4094 non
593 4027 746 4096 obstante
771 4048 964 4114 quocunque
989 4028 1180 4115 privilegio,
1205 4027 1235 4094 si
1260 4023 1348 4112 quod

213 4143 411 4222 appareret,
436 4136 469 4200 in
496 4155 559 4220 quo
585 4136 693 4206 ‘insula
718 4136 848 4221 prefata
865 4137 962 4204 alicui
982 4137 1146 4204 Beronum
1163 4142 1346 4204 nostrorum

214 4243 337 4310 collata
356 4245 521 4312 diceretur
544 4243 600 4311 uel
615 4243 759 4327 donata;
786 4244 863 4328 quia
879 4243 1066 4313 huiusmodi
1098 4246 1346 4312 instrumentum

215 4357 375 4438 tauquam
391 4359 579 4422 reuocatum
604 4373 663 4440 pro
680 4352 772 4420 inani
790 4359 822 4422 et
848 4361 981 4421 cassato
998 4361 1030 4422 et
1054 4353 1142 4420 omni
1158 4349 1279 4435 ubique
1295 4347 1347 4416 nr·

214 4460 327 4526 mitate
344 4463 488 4530 carituro
505 4461 619 4529 haberi
637 4461 785 4529 uolumus
813 4471 844 4528 et
861 4463 1055 4531 mandamus
1082 4481 1141 4548 per
1166 4465 1345 4546 presentes.

213 4567 250 4633 In
264 4569 356 4636 cuius
373 4571 421 4637 rei
437 4570 628 4639 memoriam
644 4579 676 4636 et
691 4575 885 4656 perpetuam
900 4569 1087 4640 firmitatem
1098 4574 1268 4655 presentes
1294 4567 1348 4635 de

268 4689 379 4736 norrun.
389 4693 469 4735 suno.
479 4691 549 4738 rursu.
561 4695 661 4736 -mrn
678 4695 696 4736 τ.
1092 4677 1133 4742 21
