3210 5018
262 961 322 1030 IX.
338 960 473 1103 Gorpsly
483 965 576 1049 ράρα
591 919 782 1028 intentasse
797 983 818 1025 u
833 915 1034 1050 cappcdruds'
1043 963 1222 1110 ρίιιρὸΙιιέρ
1237 962 1382 1050 ltpytbea.

772 1071 870 1138 1240.

321 1242 546 1334 Gregorius
558 1247 741 1334 Episcopus
751 1251 812 1316 etc
829 1247 1012 1316 venerabuli
1022 1245 1174 1318 innui
1193 1246 1383 1334 ,λ’,ιιιίορί-

262 1373 364 1456 scopo
379 1353 596 1440 strigoniensi
612 1361 646 1422 et
660 1353 791 1424 dilectis
806 1353 934 1424 filiis..
951 1355 1127 1442 .Abbati,
1151 1367 1235 1426 ot.'.
1252 1355 1383 1430 .Priori

261 1447 303 1530 de
319 1461 408 1530 Pelis
424 1443 676 1548 vesprimiensis
692 1461 843 1532 Diocesis
859 1463 999 1536 salntem
1015 1469 1075 1532 etc.
1108 1461 1227 1532 Olim·
1217 1449 1251 1530 ιιιΙ
1271 1483 1381 1548 cansa,

261 1589 323 1656 qne
338 1571 425 1637 inter
441 1567 526 1638 bone
536 1569 690 1640 memorre
699 1571 964 1656 Prnmogemtnm
976 1565 1217 1640 Subdraeouum
1227 1579 1381 1655 nostrum,
1434 1589 1439 1598 ·

260 1677 512 1747 Warudiensem
522 1677 678 1764 Electum,
694 1683 728 1746 et
739 1681 786 1763 13,
798 1681 852 1763 qui
867 1697 927 1764 pro
920 1665 1144 1758 Waradiensi
1160 1697 1196 1745 se
1211 1677 1381 1766 geritEpi-

263 1787 586 1882 scnpo,rertebstur,
604 1787 759 1855 dilectum
771 1785 870 1854 filium
881 1780 1026 1854 nostrum
1038 1785 1075 1852 R.
1086 1785 1203 1854 Sancti
1211 1783 1381 1853 Eustachii

259 1895 443 1963 Diaconum
454 1891 661 1990 cardinalem
677 1893 826 1962 dedimus
843 1893 1035 1962 auditorem.
1053 1895 1172 1967 Verum
1188 1913 1261 1960 eum
1276 1893 1381 1961 dictus

260 2003 499 2090 Primogenitus
516 2003 605 2070 riam
621 2003 664 2071 sit
679 2003 829 2070 universe
846 2003 955 2070 carnis
971 1993 1150 2089 ingressus,
1168 2003 1202 2069 et
1215 2003 1301 2070 adeo
1314 1999 1390 2070 iam

261 2106 358 2178 luerit
374 2111 406 2176 in
423 2129 526 2178 eausa
540 2109 615 2198 ipsa
630 2128 830 2196 processum,
849 2107 1016 2195 quodiam
1033 2109 1130 2196 pleno
1144 2098 1308 2198 possitssde
1323 2108 1381 2176 illa
1443 2149 1445 2152 -

261 2219 386 2304 liquere
391 2207 477 2304 ,nos
492 2219 622 2305 penitus
638 2215 800 2285 sustinere
815 2219 984 2302 nolentes,
1001 2211 1088 2301 quod
1103 2219 1223 2302 aliquis
1239 2233 1299 2303 per
1312 2221 1380 2290 sur·

261 2325 442 2410 reptionem
459 2327 682 2413 episcopalem
698 2317 843 2396 obtineat
859 2323 1063 2412 dignitatem,
1083 2311 1286 2409 mandamns,
1304 2343 1380 2410 qua

260 2437 354 2530 tenus
370 2431 493 2504 dictum
504 2419 757 2502 Waradiensetn
773 2429 966 2521 peremtorie
982 2427 1084 2522 citare
1101 2435 1231 2518 curetis,
1247 2439 1283 2500 ut
1298 2431 1382 2500 inira

208 2573 211 2580 ‚
261 2541 356 2607 trium
372 2541 531 2617 mensium
548 2543 687 2628 spatium
704 2563 763 2628 per
779 2561 826 2624 se,
843 2545 896 2610 vel
908 2543 967 2629 'per
977 2545 1221 2629 procuratorem
1230 2533 1381 2606 idoneum

262 2653 295 2713 et
310 2649 680 2738 paratumprocuratori
694 2644 915 2725 constitutos
940 2650 1034 2734 nobis
1060 2647 1102 2717 ad
1126 2637 1314 2733 hujusmodi
1327 2666 1380 2713 ne·

262 2755 387 2848 gotium
401 2755 712 2842 prosequendumin
729 2753 882 2844 expensis
904 2757 1102 2825 necessariis
1117 2773 1261 2842 congrue
1275 2753 1381 2842 prori-

258 2853 351 2955 dere,
367 2869 478 2932 nostre
494 2881 530 2931 se
541 2867 959 2951 conspectuirepresentet,
983 2865 1094 2932 indicii
1114 2871 1225 2931 actore
1239 2862 1381 2930 ¹Domino
1449 2905 1455 2917 ·

261 2969 456 3063 sententiam
471 2973 678 3057 recepturus:
696 2973 840 3058 alioquin
856 2993 916 3041 nos
933 2993 975 3040 ex
991 2980 1068 3039 tunc
1084 2971 1258 3039 seeundum
1276 2971 1385 3038 Deum

260 3065 473 3166 procedemus
498 3079 531 3144 in
557 3097 677 3164 causa,
695 3085 849 3163 quantum
867 3080 910 3147 de
925 3081 995 3147 iure
1011 3079 1114 3157 luerit¹
1130 3077 1380 3164 procedendum.
1418 3073 1421 3080 '

261 3175 484 3254 Alexandrum
500 3189 578 3258 vero
594 3195 626 3254 et
642 3187 823 3257 iohannem
841 3187 1027 3278 canonicos
1042 3185 1291 3271 Waradiens'es,
1308 3205 1381 3273 pro-

260 3287 428 3364 secutores
443 3295 629 3388 hujusmodi
644 3295 776 3381 negotii,
793 3297 850 3380 qni
867 3293 910 3362 ad
925 3295 1087 3364 beneficia
1103 3313 1173 3380 sua,
1190 3295 1309 3378 quibus
1323 3313 1382 3381 per

262 3403 399 3472 eundem
416 3403 665 3492 Waradiensem
682 3405 858 3470 extiterant
873 3403 1006 3500 spoliati
1015 3453 1025 3488 ,
1041 3404 1082 3470 de
1098 3403 1253 3469 mandato
1265 3391 1380 3472 *nostro

260 3513 404 3581 restituti
420 3511 549 3580 luerunt
558 3563 567 3596 ,
593 3513 670 3580 licet
685 3500 887 3598 corporalem
902 3511 1143 3598 possessionem
1160 3507 1382 3596 ipsorum-non
1447 3531 1450 3538 ·

260 3606 424 3716 potuerint
448 3620 607 3706 adipisci,
632 3622 667 3687 in
692 3611 877 3706 hujusmodi
902 3619 1145 3707 possessionem
1169 3615 1333 3684 inducatis
1349 3625 1389 3684 ct

261 3726 448 3795 defendatis
463 3727 680 3813 inductos,·de
696 3729 857 3814 perceptis
874 3747 915 3794 ex
929 3727 996 3796 illis
1006 3727 1165 3808 fiuctibus
1176 3731 1209 3792 et
1219 3722 1294 3792 aliis
1305 3721 1380 3792 sub·

261 3819 375 3902 tractis
400 3833 464 3902 sibi
488 3835 701 3920 proventibus
726 3837 775 3902 eis
800 3827 943 3920 impendi
959 3831 1218 3902 satisfactionem
1239 3831 1381 3898 debitam

261 3941 444 4027 iacientes,
458 3942 621 4029 provisuri
637 3941 814 4022 attentius,
830 3961 871 4007 ne
888 3941 947 4007 sub
963 3941 1061 4033 dubio
1077 3943 1144 4010 litis
1158 3947 1279 4009 eventu
1294 3941 1381 4007 bona

260 4045 486 4119 Warsdiensis
503 4051 651 4118 Ecclesie
661 4049 858 4135 dilapidari
852 4051 986 4116 valeant
1001 4027 1065 4116 vel
1070 4049 1225 4116 consumi
1247 4049 1381 4120 Contra-

261 4143 403 4226 drctores
420 4167 479 4228 etc.
496 4159 644 4225 invocato
651 4155 703 4222 ad
719 4157 799 4242 hoo,
825 4157 855 4223 si
879 4176 1015 4224 necesse
1030 4157 1145 4242 fuerit,
1170 4156 1290 4222 auxilio
1306 4157 1385 4232 bra.

261 4265 327 4342 chii
342 4267 510 4336 secularis.
526 4263 662 4346 Quod
636 4286 665 4331 sn
678 4285 744 4334 non
760 4285 873 4333 omnes
889 4271 953 4334 etc,
967 4265 1088 4332 Dotem
1104 4265 1260 4336 Laterani
1275 4263 1379 4354 xvii.
1589 4281 1590 4366 ρ

262 4374 331 4444 kal.
349 4374 549 4460 Decembris,
567 4371 791 4462 (Pontificatus
807 4373 925 4464 nostri)
936 4394 1029 4442 anuo
1045 4373 1153 4473 Xllll.
1210 4443 1213 4452 ,
1589 4367 1590 4378 ’

199 4529 201 4536 ·
323 4575 326 4581 Δ
354 4517 417 4588 (ιιι.
430 4517 558 4602 eergo,
571 4515 648 4604 popa
659 4508 847 4590 negasses
859 4487 989 4574 ruerem
997 4516 1033 4571 ιι.
1046 4501 1083 4571 ιη’.
1097 4515 1117 4571 ι.
1131 4513 1160 4572 ι.
1176 4513 1235 4570 ιιι.
1247 4499 1287 4586 ι’.)
1303 4494 1320 4580 ξ’

692 4653 943 4665 --—-——-—-—-
