3154 5030
176 911 197 976 1
200 912 235 978 V
250 911 333 978 Bata
348 908 456 998 lcii-alp
467 913 560 997 Papo
569 913 663 998 saipet
675 913 812 987 lakoaait
827 938 849 978 a
863 914 1027 1002 monpololr
1041 916 1134 982 allani
1148 919 1301 986 decertat·

247 1021 345 1086 taltort
360 1012 491 1108 killdndc
502 1020 710 1106 privilegiam
725 1020 807 1086 calcal
815 1023 1018 1110 jutelmazau
1032 1046 1109 1111 map.
1127 1027 1224 1091 1244.

279 1199 362 1266 Bela
377 1197 441 1272 Dei
466 1199 581 1284 gracia
605 1199 794 1283 Hungarie,‘
809 1183 993 1284 Dalmacie,
1019 1202 1170 1288 Groneia,
1188 1208 1299 1288 Rame,
1400 1191 1402 1195 ⁸

178 1303 298 1388 Servis,
315 1304 469 1391 Gallicis,
488 1305 691 1388 Lodomerie,
708 1305 1166 1390 (lomaniequechomnibus
1178 1311 1300 1378 Christi

181 1409 325 1478 fidelibus
340 1427 481 1500 presens
498 1399 656 1498 scriptum
672 1415 866 1500 inspecturis
883 1417 1023 1498 salutem
1040 1417 1073 1482 in
1084 1419 1225 1486 omnium
1243 1439 1297 1486 sa·
1415 1471 1418 1478 .

180 1519 315 1586 luctore
327 1519 432 1598 Grata
447 1519 615 1588 fidelitatis
632 1519 802 1608 obsequia,
813 1514 881 1606 «pue
898 1524 1051 1595 virtutum
1067 1527 1214 1592 obtinent
1223 1547 1295 1614 pre·

183 1629 366 1712 regalium,
384 1629 516 1711 qnando
533 1629 737 1713 exhibentur,
755 1635 846 1696 tanto
863 1632 971 1714 magis
991 1615 1125 1718 premiis
1142 1634 1297 1716 grauiori-

182 1733 240 1802 bus
255 1743 330 1801 snut
353 1734 599 1822 prosequenda;
624 1737 748 1821 etipsa
771 1738 981 1824 specialiter,
1015 1759 1078 1822 qus
1102 1741 1249 1825 Regibus
1266 1749 1299 1808 ct
1388 1777 1390 1782 ·

182 1841 376 1930 Principibus
386 1845 616 1932 impenduntur
626 1845 764 1932 spetiali
773 1845 895 1912 debent
905 1833 1157 1933 'recompensari
1172 1849 1297 1932 fanore,

180 1957 214 2016 ut
222 1949 352 2018 affectus
362 1959 395 2020 et
401 1953 510 2020 feruor
524 1953 780 2039 obsequencium
792 1961 986 2040 oportunum
996 1957 1182 2022 continuum
1197 1955 1300 2022 susci·

178 2057 245 2143 piat
261 2059 502 2146 incrementum.
529 2061 581 2130 Ad
596 2063 825 2130 universorum
841 2063 939 2146 igitur
954 2063 1108 2130 noticiam
1119 2061 1234 2128 harum
1244 2083 1293 2130 se-

178 2166 224 2231 rie
239 2168 387 2234 volumus
402 2170 590 2256 peruenire,
614 2169 700 2254 quod
717 2189 788 2236 cum
799 2161 1047 2238 innumerabilis
1057 2169 1228 2236 multitudo
1244 2189 1298 2236 ra-

176 2271 248 2341 bide
263 2275 371 2360 gentis
386 2275 557 2355 Tartarice
572 2284 707 2364 propter
718 2276 851 2345 hnmani
867 2269 998 2364 generis
1016 2276 1182 2346 sordidum
1199 2275 1299 2365 (lgyl)

175 2383 331 2454 scelerum
372 2383 619 2454 commissiones
660 2408 702 2454 ex
732 2385 880 2458 affluenti
921 2385 1151 2470 indignacione
1182 2393 1309 2452 terres..

173 2488 268 2556 trium
293 2491 519 2561 machinarum
544 2503 578 2562 et
593 2496 734 2561 omniurn
760 2493 939 2562 conditoris
965 2514 1025 2581 per
1040 2479 1174 2560 climata
1190 2491 1297 2574 Regni

173 2600 274 2668 nostri
290 2597 468 2693 affligendo
483 2622 596 2670 seuere
622 2603 757 2689 perfusa
772 2603 901 2688 fnisset,
933 2609 966 2669 et
982 2622 1041 2670 nos
1056 2621 1123 2668 vna
1139 2620 1210 2668 cum
1225 2599 1299 2669 fidis

171 2705 366 2791 primatibus
397 2708 499 2794 ipsius
524 2711 629 2797 Regni
646 2711 749 2779 nostri
765 2718 863 2796 atque
879 2709 1045 2776 nobilibus
1078 2716 1172 2774 extra
1189 2709 1295 2792 ipsam

173 2819 319 2882 nostram
335 2815 558 2883 monarchiam
567 2837 670 2900 usqne
680 2818 725 2885 ad
735 2819 847 2890 littora
856 2825 974 2905 pontus
985 2803 1056 2884 dire
1072 2816 1298 2902 persequendo

44 2907 47 2915 ¹
170 2921 215 2989 ad
237 2921 400 3004 quandam
425 2923 567 2992 insulam
592 2916 788 2992 maritimam
813 2931 962 3012 potenter
973 2923 1160 3011 impulendo
1177 2924 1298 2992 coerci-

169 3029 589 3116 sent,dequariextrahere
599 3034 1161 3128 satagendopernaniraginminncs
1172 3033 1296 3098 irruere
1385 3023 1387 3026 ’

119 3141 121 3148 ’
170 3145 386 3224 consumens
408 3141 462 3207 vbi
473 3141 507 3218 in
523 3141 674 3210 conflictu
684 3143 871 3212 certaminis
882 3143 967 3210 inter
982 3147 1146 3208 nostrates
1156 3146 1190 3206 et
1204 3141 1295 3224 ipsos

169 3246 295 3314 ultores
304 3245 454 3316 inimicos
465 3249 591 3316 diucius
600 3256 731 3324 seruato
739 3257 922 3319 nostrorum
937 3230 1052 3316 funera
1071 3247 1295 3314 corruencium

169 3371 262 3419 more
277 3353 432 3421 Rachelis
447 3357 817 3444 ingulcplangebamus;
836 3363 932 3442 pater
940 3353 1071 3423 tandem
1081 3353 1295 3434 ineffabilium

170 3464 466 3532 misericordiarum
483 3469 516 3531 et
533 3463 589 3549 pie
599 3462 837 3530 consolacionis
853 3459 1118 3548 enercituumquc
1134 3459 1294 3560 dominus,

171 3573 229 3658 qni
245 3573 423 3638 cunctosin
438 3590 475 3638 se
485 3575 655 3656 sperantes
667 3569 772 3637 eciam
785 3575 931 3654 tempore
941 3568 1089 3640 elisionis
1099 3557 1164 3636 non
1175 3567 1296 3636 desinit

171 3679 367 3768 opitulando
382 3680 566 3764 subleuare,
583 3677 648 3744 iam
665 3677 759 3744 nobis
776 3677 991 3765 precipitibus
1007 3697 1068 3744 sne
1084 3673 1219 3745 dextere
1228 3677 1287 3744 vir-

172 3796 278 3857 tutem
301 3787 470 3876 porrigere
496 3785 649 3872 dignatus
675 3794 787 3854 est-
805 3820 849 3836 -
873 3785 917 3852 ad
932 3785 1156 3853 reiulcendum
1185 3804 1245 3852 nos
1262 3791 1295 3862 et

173 3893 449 3966 corroborandum
471 3913 512 3961 ex
533 3893 675 3978 undique
706 3891 863 3972 affluente
886 3894 1062 3963 nacionum
1093 3893 1294 3961 diversarum

172 4013 272 4091 gente
302 4010 414 4070 nostre
444 4020 583 4088 persone
615 4001 831 4070 saluberrima
846 4020 905 4086 pro
921 4001 1037 4067 tutella
1052 4000 1096 4067 ad
1112 4021 1173 4068 nos
1188 4035 1234 4048 —
1250 4036 1295 4048 -

173 4147 217 4162 -·
232 4149 276 4162 —
292 4112 377 4179 inter
393 4116 526 4176 cunctos
542 4109 603 4175 viri
613 4128 753 4194 sagaces
769 4111 857 4176 omui
866 4108 1036 4176 fidelitatis
1046 4094 1157 4174 ¹nitore
1173 4113 1207 4173 et
1222 4127 1294 4194 pro·

172 4221 287 4288 bitatis
308 4219 429 4287 decore
453 4215 587 4284 fecundi
611 4215 726 4284 fideles
742 4219 845 4286 nostri
862 4218 1022 4302 Pagensis
1039 4213 1183 4282 ciuitatis
1199 4221 1232 4280 et
1248 4215 1293 4279 in-

175 4329 245 4394 sule
261 4326 352 4394 ciues
367 4346 407 4393 ac
422 4325 529 4392 incole
547 4325 631 4390 inter
663 4331 789 4392 ceteros
805 4326 977 4393 nonnullos
993 4325 1172 4392 insularum
1203 4322 1295 4390 habi-

173 4437 283 4503 taculo
300 4433 544 4521 congaudentes
559 4431 660 4500 armis
672 4429 798 4500 bellicis
809 4435 986 4518 premuniti
1002 4439 1035 4498 et
1050 4427 1192 4498 andacia
1208 4430 1295 4497 virili

175 4543 298 4616 suffdti
323 4544 356 4608 in
374 4561 483 4614 eorum
509 4541 649 4612 nauibus
674 4542 762 4628 ipsos
787 4550 897 4626 utpute
921 4543 1033 4610 hostes
1049 4539 1114 4614 iam
1131 4537 1296 4614 celerrima
1347 4538 1348 4542 ’
