3140 5044
636 779 638 789 ἱ
711 785 790 856 182.

333 985 453 1052 Mitto
469 984 570 1073 looap,
593 985 707 1052 ottold
714 985 830 1070 ficiaak
845 985 1064 1072 etpreodelete.
1082 989 1181 1054 1249.

301 1165 470 1234 Vniuersls
490 1161 608 1232 Christi
632 1162 782 1232 fidelibus
799 1166 1003 1248 innoteseat,
1027 1163 1116 1249 quod
1132 1167 1204 1252 Ego
1220 1167 1316 1236 Nion·
1416 1149 1418 1152 ⁵

196 1275 268 1342 laus
288 1271 383 1340 miles
408 1271 532 1339 domiui
556 1270 637 1338 Belo
661 1271 763 1354 Regis
787 1278 906 1337 terram
932 1288 1037 1336 meam
1063 1271 1191 1357 Enyreu
1219 1275 1320 1358 vulgo

197 1383 368 1464 Evzvreny
388 1379 422 1444 in
438 1377 600 1446 comitatu
617 1377 658 1445 de
674 1379 798 1446 Gumur
821 1377 917 1446 sitam
934 1377 967 1443 in
983 1398 1098 1446 munus
1113 1378 1237 1446 domini
1258 1379 1318 1445 Go-

197 1487 285 1554 mitis
301 1484 469 1552 Benedicti
485 1483 526 1551 de
552 1485 693 1552 Plesnoh
709 1483 751 1548 ad
773 1483 1031 1570 defendendum,
1063 1487 1221 1571 uxorique
1247 1505 1319 1552 mee

197 1592 328 1678 Agathe
338 1598 371 1658 et
381 1591 502 1676 pueris,
514 1590 609 1657 alteri
618 1591 756 1658 Nicolao
768 1611 807 1656 ao
818 1591 986 1679 Gregoryo
997 1599 1070 1679 post
1079 1593 1201 1660 obitum
1212 1613 1319 1661 meum
1341 1619 1346 1635 κ

196 1697 431 1786 possidendam
461 1697 624 1764 ordinani.
650 1699 804 1764 Preterea
831 1699 1051 1766 molendinum
1067 1701 1101 1766 in
1117 1721 1232 1787 eampo
1259 1698 1320 1766 Ro·

195 1825 333 1892 nogoon,
350 1805 442 1871 auius
453 1810 598 1872 unarota
607 1823 756 1891 oryseum
767 1825 910 1890 pannum
919 1805 1017 1892 pilat3
1029 1806 1132 1875 donee
1142 1807 1184 1874 ad
1201 1805 1322 1893 Chyth-

198 1913 268 2000 nylr
300 1912 477 1980 redemtum
505 1913 610 1994 fuerit,
636 1913 848 1980 teneatfilius
872 1933 962 1982 meus
991 1915 1155 2001 Nioolaus3
1181 1915 1223 1982 do
1248 1935 1321 2000 pro·

200 2028 297 2089 uentu
307 2029 416 2087 tumen
433 2021 489 2086 illo
506 2022 715 2107 elemosynas
730 2040 790 2106 pro
806 2021 916 2090 anima
927 2043 1001 2090 mea
1016 2024 1186 2106 largiatur.
1197 2025 1323 2090 Preter-

200 2151 242 2198 ea
259 2127 410 2212 disposui
426 2126 467 2194 de
483 2135 571 2194 terra
587 2129 715 2213 Enyreu
732 2129 796 2194 tria
812 2128 935 2196 allodia
952 2131 1079 2214 integra
1095 2153 1115 2198 a
1132 2129 1232 2197 fratre
1249 2145 1322 2194 meo

199 2239 336 2304 condam
349 2237 444 2303 Petro
451 2235 624 2321 aequisita,
635 2255 698 2318 que
715 2237 787 2320 ipse
798 2236 921 2326 exolni,
938 2237 1019 2305 solis
1029 2237 1113 2305 filiis.
1126 2238 1167 2304 Et
1177 2236 1320 2322 sepultu-

198 2367 268 2412 ram
290 2363 397 2410 meam
414 2343 500 2429 apud
526 2345 634 2428 ipsos,
651 2350 684 2409 et
699 2343 811 2411 uxoris
822 2364 895 2411 mee
912 2347 998 2412 diote
1014 2346 1143 2431 Agathe
1159 2344 1319 2412 ordinavi.

201 2453 352 2540 Sepeliar
368 2453 401 2519 in
418 2453 591 2520 cemeterio
618 2449 777 2539 anreusi
793 2471 896 2539 prope
912 2453 1053 2545 cadauer
1069 2453 1182 2521 dileoti
1197 2451 1321 2536 genito-

198 2563 244 2628 ris
262 2561 325 2628 mei
341 2558 507 2646 Thybaldi
537 2559 674 2626 ooudam
701 2559 825 2626 Bamia
842 2558 941 2647 (135),
966 2561 1025 2628 sed
1054 2579 1114 2626 neo
1131 2561 1163 2626 in
1179 2557 1322 2626 dioeudo

198 2669 391 2738 adhibeatur
407 2687 538 2753 pompa.
555 2667 590 2734 Si
608 2667 680 2750 quis
697 2675 807 2735 autem
823 2667 1013 2754 supradiuta
1021 2668 1196 2736 uiolauerit
1206 2673 1239 2733 et
1255 2665 1323 2730 ele·
1350 2651 1353 2656 ’

200 2797 369 2863 mosynas‚
385 2795 467 2860 quas
483 2795 543 2861 pro
568 2772 713 2842 remedio
745 2776 853 2842 anime
885 2791 956 2840 mee
985 2775 1125 2856 contuli,
1149 2774 1325 2842 defrauda-

198 2885 293 2965 uerit,
315 2883 390 2950 dum
406 2884 438 2948 in
465 2881 649 2948 nouissimis
667 2901 773 2948 coram
799 2880 871 2948 Deo
887 2887 920 2948 et
935 2882 1086 2948 omnibus
1102 2880 1235 2948 Sanctis
1252 2882 1325 2948 eius

200 2990 450 3059 examinandum
476 2991 680 3073 steterimus,
705 2987 813 3076 ipsum
835 2990 926 3058 velut
949 2987 1115 3054 inimioum
1147 2987 1326 3056 manifeste

200 3098 377 3168 accusabo.
394 3100 515 3166 Datum
531 3097 671 3167 Piesuoh
681 3115 767 3164 anno
783 3095 914 3164 Domini
925 3097 976 3163 Μο
986 3095 1209 3162 ducentesimo
1221 3093 1325 3198 quasd-

199 3205 365 3289 ragesimo
385 3223 480 3272 nono.
507 3204 626 3272 Testes
642 3210 719 3271 sunt
744 3201 935 3287 eonuooati,
959 3201 1029 3287 ipse
1054 3199 1327 3268 Comessseuedi·

201 3320 282 3399 atus,
298 3319 331 3379 et
341 3293 530 3380 sacerdotes
540 3314 663 3380 Paulus
674 3319 707 3378 et
722 3312 876 3393 Jacobus,
887 3316 1038 3395 preterea
1048 3307 1328 3376 oousobriuamea

200 3420 333 3489 domina
350 3419 494 3488 Euthera
509 3440 574 3488 uua
592 3437 664 3486 eum
679 3416 745 3486 filio
762 3437 822 3484 suo
839 3419 939 3485 Basa.

609 3591 680 3666 (net
693 3591 793 3665 poeste
804 3590 912 3664 he'iye.)

304 3719 474 3788 (Mdsolatdt
492 3720 607 3776 kiintssts
619 3719 789 3778 Tekiutatas
802 3715 939 3776 Meldthei
951 3715 1047 3776 Barna
1058 3713 1170 3790 Mihu'ly
1189 3713 1243 3788 uir.)

644 4107 898 4128 W*
