3154 5030
274 972 295 1036 Ι
299 968 333 1036 V
352 973 441 1038 Icczc
457 935 548 1058 pcipe
563 994 587 1034 u
599 970 665 1036 tddb
679 960 774 1037 urere
788 935 1015 1060 oraadpolcdu,
1012 973 1223 1038 occursarent
1237 965 1259 1034 o
1278 971 1396 1036 aurct·
1511 1041 1513 1044 ,

277 1079 384 1145 doz
370 1102 398 1145 aa
424 1079 621 1146 tioosattut
643 1077 765 1145 tutduu
788 1078 1077 1166 fuenoareudr'cket
1100 1071 1234 1145 tolum
1268 1073 1398 1166 eppddas'
1524 1101 1525 1104 ¹

204 1217 207 1224 v
546 1181 861 1274 meudulalmuzdoaul
874 1187 957 1276 tauja
972 1186 1009 1254 el
1026 1177 1162 1256 1243

344 1327 589 1443 Innocentius
604 1364 786 1454 Episcopus
802 1373 863 1434 eto
879 1365 1021 1442 delictis
1026 1307 1102 1434 filiis
1113 1307 1266 1456 iratribus
1276 1363 1318 1434 de
1334 1333 1393 1436 Or·

275 1473 352 1542 diue
375 1474 513 1552 fratrum
536 1474 718 1541 Minorum
710 1495 743 1540 ιιι
760 1479 865 1542 terras
882 1459 1152 1566 sarracenorum,
1177 1475 1392 1564 Paganorum,

13 1571 15 1594 4
141 1661 143 1667 ,
178 1657 181 1660 ,
273 1583 467 1669 Grecorum,
502 1581 738 1667 Cumanorum,
763 1581 970 1670 Ethyopum,
995 1558 1172 1684 Syrorum,
1212 1583 1410 1681 Ibe'rorum,
1500 1661 1501 1664 ι

120 1703 126 1710 ’
271 1691 459 1774 ΑΙιιιοιιιιι,
478 1688 688 1786 Gazarorum,
706 1683 893 1782 Gothorum,
912 1678 1069 1776 Ζίιοιιιι,
1084 1683 1319 1788 liuthariorum,
1336 1691 1391 1758 ,1ιέ
1423 1699 1426 1702 ’

13 1873 14 1890 ι
93 1850 95 1858 ι
224 1847 228 1856 .
272 1797 465 1882 cobitarum,
484 1797 1392 1891 NubiauorumNestorrnorum,Armenorum,1ndorum

248 1903 511 1990 ¹Mesolitorum,
517 1907 745 1995 aliarumque
771 1905 949 1974 infidelium
980 1899 1148 1988 nationum
1164 1907 1307 1989 orientis,
1334 1927 1392 1974 seu
1459 1983 1462 1988 ,

273 2007 546 2102 quarumcumque
569 2013 866 2110 aliarumpartium·
882 2011 1159 2105 proficiscentibus
1184 2014 1392 2081 salutemetc.

272 2103 955 2212 Cumhoraundecimasitdieihomintbus,
967 2121 1393 2207 utexeantadopususque
1465 2165 1468 2172 ι

272 2229 317 2298 ad
333 2207 444 2296 muudi
460 2249 638 2316 vesperam
657 2202 837 2335 deputati,
831 2235 881 2296 et
898 2228 977 2296 illud
993 2229 1215 2324 Apocalypsis
1232 2229 1393 2315 eulogium

273 2338 337 2404 cito
354 2337 506 2404 credatur
530 2357 601 2402 curn
612 2327 727 2402 matris
745 2337 893 2404 Ecclesia
910 2337 1133 2404 consolatione
1157 2339 1393 2424 complendum.

273 2443 428 2512 videlicet
443 2451 591 2548 oportere
608 2443 696 2516 virus
697 2419 899 2529 ,spiritualis
909 2444 978 2523 uite
991 2444 1148 2511 munditia
1166 2446 1205 2510 ct·
1212 2445 1389 2526 inteltigen

271 2555 315 2620 tie
331 2553 470 2638 gratiam
488 2551 560 2617 oiim
575 2551 725 2620 Johanne
743 2551 883 2638 sortitos,
900 2528 1029 2638 populis
1045 2559 1079 2619 et
1092 2551 1255 2636 gentibus,
1272 2551 1393 2638 linguis

270 2658 492 2750 Regibusque..
505 2659 614 2725 multis
629 2653 734 2726 denuo
750 2643 958 2746 prophetare,
974 2660 1135 2743 quianon
1154 2665 1311 2752 sequetur
1320 2659 1394 2726 reli·

271 2769 424 2852 quiarum‘
444 2762 578 2834 Israelis
603 2787 662 2851 per
678 2767 811 2854 Ysaiam
833 2767 1035 2858 'prophetata
1055 2767 1206 2859 salvatio,
1223 2767 1285 2832 nisi
1300 2762 1395 2834 iuxta

150 2885 154 2893 '
270 2875 407 2954 Paulum
422 2875 614 2960 Apostolum
627 2873 719 2960 prius
736 2873 875 2951 introeat
892 2873 1039 2954 gentium
1054 2873 1396 2963 plenitudomoslicet
1453 2927 1458 2938 .

274 2981 429 3050 immeriti
454 2973 552 3068 super
575 2983 765 3066 Apostolioe
774 2979 879 3047 'Sedis
895 2982 1062 3067 speculam
1079 2981 1266 3067 constituti,
1288 2979 1394 3048 fideti·

271 3097 322 3157 ter
336 3089 569 3178 disponsandis
582 3089 648 3157 Dei
665 3089 855 3156 ministeriis
872 3095 905 3180 et
918 3087 1070 3174 operibus
1090 3088 1329 3174 coadjuvandis
1343 3088 1414 3156 ιιι·Ι

259 3196 447 3291 ¹tendimus,
463 3196 492 3264 si
509 3202 665 3280 vergente
688 3196 893 3283 plenitudine
918 3196 1075 3282 temporis
1102 3201 1177 3280 post
1192 3197 1249 3282 pia
1264 3196 1394 3282 piorum

270 3305 381 3374 studia
405 3305 581 3374 invincem
598 3301 729 3370 Domini
745 3293 895 3372 Sabaoth
910 3323 1014 3371 novos
1024 3309 1056 3371 et
1072 3301 1394 3390 pleno'novissimos,

270 3415 326 3500 qui
342 3411 539 3498 sapientiam
556 3411 688 3496 longum
704 3409 848 3479 didicere
871 3411 1056 3496 parotium,
1074 3409 1243 3498 operarios
1259 3409 1394 3478 mittere

270 3541 492 3607 procuramus.
509 3517 587 3593 Vos'
601 3519 721 3604 igitur,
745 3538 825 3604 quos
851 3519 942 3586 iuxta
957 3519 1107 3603 professe
1131 3517 1298 3603 religionis
1323 3516 1395 3584 offi-

266 3619 355 3696 cium
370 3629 460 3694 aelus
486 3626 627 3714 comedit
652 3627 833 3698 animarum
850 3633 883 3692 et
898 3626 932 3697 ia
948 3625 1108 3710 quadriga
1131 3631 1267 3710 quarta,
1292 3645 1395 3718 quam

164 3827 165 3830 ι
270 3735 375 3816 uariis
405 3735 615 3802 carismatum
633 3731 729 3804 donis
760 3741 793 3801 et
809 3731 882 3801 fidoi
908 3731 1099 3800 fortitudine
1116 3732 1255 3816 trahitis,
1271 3732 1394 3818 ubique

185 3869 188 3876 ·
271 3845 455 3924 discurrere
475 3861 516 3908 ao
532 3842 688 3909 vexillum
704 3841 926 3926 Regis-glorie
942 3839 1055 3946 procul
1071 3833 1330 3936 leraregoatitis
1345 3841 1393 3908 ad

196 4002 200 4010 .
271 3954 409 4040 gentes,
436 3968 499 4034 que
514 3949 626 4017 desum
652 3947 815 4016 Christum
840 3945 1015 4015 Dominum
1032 3967 1096 4036 ιιοι
1114 3956 1334 4034 regnaount,
1359 3957 1394 4016 et

105 4057 109 4065 '
184 4128 187 4134 ,
270 4055 314 4127 ad
331 4055 573 4126 subtraooionis
586 4052 683 4140 filios,
702 4055 756 4140 qui
772 4056 994 4125 Sacros-ancta
1003 4055 1149 4124 Romane
1158 4054 1309 4125 Ecclesia
1324 4075 1393 4124 non
1513 4139 1516 4142 ι

218 4197 220 4202 ·
252 4173 254 4179 “
270 4164 447 4250 obediunt,
463 4159 676 4246 destinamus,
687 4163 782 4231 vobis
797 4165 831 4231 in
847 4156 1074 4250 remissionem
1089 4167 1302 4251 peccatorum
1318 4179 1391 4231 om-

269 4254 358 4344 nium
374 4272 603 4364 intingentes,
626 4277 787 4355 quatenus
812 4271 1002 4340 seminaturi
1030 4290 1129 4358 super
1144 4285 1250 4358 aquas
1267 4269 1392 4340 multas

270 4382 305 4450 in
319 4382 377 4451 illo
392 4387 531 4464 tantum,
547 4379 601 4464 qui
618 4378 778 4447 mundum
798 4378 882 4447 dixit
898 4391 936 4448 se
951 4365 1085 4465 vicisse,
1100 4377 1234 4464 confisi,
1257 4375 1301 4446 ad
1316 4375 1390 4446 illu-

269 4489 481 4558 minationem
503 4507 580 4575 cece
605 4485 822 4556 multitudinis
839 4495 871 4553 et
887 4486 1030 4555 heretice
1056 4485 1212 4556 tataiutts
1238 4487 1390 4556 extermi-
1462 4505 1466 4512 ·

267 4593 365 4678 nium,
381 4595 424 4661 ad
441 4594 677 4670 confirmandos
714 4593 1037 4690 nutantiumanimos
1053 4601 1086 4662 et
1101 4594 1245 4662 fidetium
1264 4593 1394 4670 confor-
