3220 5058
405 951 463 1018 IX.
482 948 614 1039 Gerpcly
626 955 714 1038 [κάρα
730 974 751 1014 a
767 951 898 1017 &adrui
911 953 990 1038 apdl
1004 951 1179 1038 magdieleae
1193 947 1293 1016 went.

796 1059 893 1124 1236.

396 1237 573 1324 Gregorius
588 1237 771 1324 Episcopus
787 1244 849 1305 etc.
866 1235 994 1304 dilectis
1009 1235 1085 1303 liliis
1102 1285 1109 1302 .
1128 1285 1135 1302 .
1153 1285 1161 1302 .
1187 1235 1406 1320 waradiensi,

289 1395 297 1410 .
315 1395 321 1411 .
341 1395 348 1410 .
375 1345 418 1414 do
436 1345 543 1412 Thion
559 1352 590 1411 et
606 1394 613 1410 .
632 1395 639 1411 .
657 1391 666 1408 .
691 1346 733 1414 de
749 1346 828 1411 llrte
844 1344 1027 1412 Abbatibus
1043 1345 1407 1429 Quinqueeeclesiensis

289 1461 322 1522 et
336 1454 600 1543 wesprimiensis
616 1454 803 1520 Diocesium
819 1455 958 1521 salutem
975 1461 1038 1520 etc.
1063 1453 1211 1522 Turbata
1227 1461 1280 1522 est
1295 1453 1407 1520 anima

287 1570 399 1630 nostra
416 1561 523 1646 valde,
546 1561 738 1628 turbationis
754 1582 888 1630 cansam
904 1581 983 1629 casu
999 1560 1100 1628 flebili
1116 1563 1210 1632 nobis
1227 1560 1338 1642 dante,
1354 1581 1407 1629 sn-

286 1689 346 1755 per
360 1670 594 1738 immanitatem
610 1669 797 1738 detestandi
813 1671 986 1753 facinoris,
1011 1670 1097 1754 quod
1121 1671 1254 1752 quidam
1271 1669 1329 1736 lilii
1343 1669 1407 1738 Be·

285 1775 341 1843 lial
359 1777 551 1856 familiares,
567 1783 601 1842 ut
616 1775 743 1862 dicitur,
761 1827 768 1842 .
787 1827 793 1841 .
813 1827 820 1842 .
838 1777 1055 1844 Oeuadiensls
1071 1777 1226 1863 Episcopi
1242 1777 1274 1844 in
1292 1797 1406 1846 necem

213 1905 217 1910 ·
287 1883 368 1952 bone
385 1885 540 1952 memorie
557 1933 564 1948 .
583 1931 590 1948 .
608 1934 614 1948 .
647 1885 784 1951 Abbatis
801 1885 991 1952 Monasterii
1007 1883 1214 1955 Bristriensis
1230 1886 1406 1952 crudeliter

284 1999 524 2078 perpetrarunt,
542 2011 601 2060 nec
617 1993 849 2077 exageratione
866 1993 991 2078 indiget
1007 1993 1109 2076 ipsius
1126 1993 1262 2060 sceleris
1279 1993 1406 2078 stagni·

285 2099 382 2180 tudo,
410 2119 481 2164 cum
508 2099 580 2184 ipso
605 2100 715 2166 auditu
731 2102 1005 2168 abominationem
1020 2108 1154 2186 generet
1170 2109 1204 2168 et
1219 2101 1404 2185 horrorem;

285 2227 470 2291 quenquam
485 2209 696 2277 acerbitatem
713 2208 830 2293 flagitii
846 2231 910 2277 non
928 2211 1086 2277 modicum
1111 2217 1288 2296 aggravet3
1314 2211 1404 2294 qnod

283 2324 358 2400 post
374 2335 489 2400 paoem
505 2318 587 2384 inter
603 2319 734 2384 eosdem
751 2317 909 2384 Abbatem
927 2325 960 2384 et
976 2319 1174 2404 Episcopum
1193 2318 1403 2386 reformatam
1529 2404 1534 2416 Ι

284 2422 344 2488 fuit
360 2421 445 2488 idem
460 2423 572 2490 Abbas
589 2443 653 2490 non
670 2425 774 2489 minus
789 2425 968 2509 proditorie
989 2443 1087 2508 quens
1104 2425 1280 2492 crudeliter
1296 2431 1328 2490 et
1343 2427 1403 2491 mi·

283 2531 468 2598 serabiliter
499 2529 694 2598 interiectus.
727 2533 815 2600 Sane
843 2533 919 2598 olim
945 2533 1059 2598 eodem
1076 2533 1206 2600 Abbate
1231 2532 1263 2598 ln
1290 2540 1406 2600 nostra

283 2641 446 2723 presentie
462 2641 707 2709 lacrimabiliter
722 2649 960 2727 conquerente,
986 2642 1074 2726 quod
1094 2641 1215 2709 dudum
1232 2649 1302 2709 orta
1318 2641 1404 2708 inter

282 2747 386 2831 ipsum
403 2755 436 2815 et
451 2748 649 2816 Conventum
666 2751 744 2816 dicti
760 2751 952 2816 Monasterii
969 2769 1010 2816 ex
1026 2757 1120 2836 parte
1135 2770 1210 2834 una,
1224 2757 1257 2816 et
1267 2749 1401 2836 Episco-

281 2875 358 2943 pum
374 2857 593 2942 supradictum
610 2878 650 2924 ex
666 2861 770 2925 altera
787 2879 885 2944 super
912 2859 1014 2924 illatis
1031 2857 1182 2945 dampnis
1200 2864 1233 2925 et
1248 2857 1402 2943 irrogatis

281 2963 408 3030 iniuriis
424 2967 466 3032 ab
484 2965 596 3032 eodem
613 2967 681 3032 iure
699 2975 910 3051 patronatus,
940 2965 1025 3050 quod
1043 2967 1075 3032 in
1090 2967 1219 3052 prelato
1235 2965 1402 3034 lionaste-

281 3071 331 3138 rio
347 3069 452 3138 dictus
469 3071 649 3159 Episcopus
665 3095 701 3142 se
717 3075 838 3141 babere
854 3075 1004 3157 dicebat,
1020 3079 1053 3140 el
1069 3075 1167 3140 rebus
1183 3072 1273 3157 aliis,
1290 3091 1400 3138 coram

155 3191 162 3202 ·
280 3177 462 3246 venerabili
479 3178 577 3248 fratre
593 3189 704 3250 nostro
721 3231 728 3246 .
747 3233 752 3245 .
771 3231 779 3246 .
795 3185 959 3270 Episcopo
968 3181 1162 3248 Prenestino
1175 3188 1251 3246 tunc
1261 3180 1401 3264 Aposto-

278 3289 342 3355 lice
359 3287 455 3355 Sedis
472 3289 597 3372 Legato
613 3291 750 3357 materia
766 3290 965 3372 questionis,
992 3289 1078 3356 idem
1095 3287 1307 3354 Prenestinns
1324 3307 1398 3372 par·

277 3396 335 3460 tim
352 3417 411 3482 pro
428 3399 499 3483 ipso
516 3397 714 3467 Oenadiensi
730 3405 763 3465 et
779 3398 896 3485 partim
913 3417 972 3484 pro
990 3398 1111 3464 eisdem
1123 3395 1252 3462 Abbate
1268 3401 1301 3459 et
1317 3393 1399 3461 (lon-

278 3512 384 3574 ventu
394 3505 598 3574 diffinitivam
614 3509 807 3576 sententiam
834 3507 1075 3594 promulgarat:
1102 3503 1269 3591 predictus
1296 3502 1399 3569 Gena—
1449 3581 1456 3602 ι

279 3607 402 3676 diensis
417 3612 533 3678 eadem
549 3616 713 3682 sententia
728 3615 903 3700 vilipensa,
920 3614 979 3681 illa
995 3613 1133 3697 exigens
1149 3613 1193 3678 ab
1210 3609 1342 3686 eisdem,
1358 3611 1401 3676 de

278 3717 396 3802 quibus
413 3717 542 3785 fuerant
558 3723 799 3789 sententialiter
814 3723 976 3804 absoluti,
1001 3721 1079 3804 qnia
1105 3739 1146 3787 ea
1164 3720 1226 3785 sibi
1243 3718 1399 3785 exhibere

277 3825 451 3908 nolebant,
470 3827 554 3894 siout
568 3847 629 3893 nec
646 3829 746 3895 etiam
762 3830 975 3914 tenebantur,
992 3849 1064 3894 cum
1080 3836 1277 3894 armatorum
1293 3827 1397 3892 multi-

277 3933 389 4000 tudine
414 3934 459 4001 ad
481 3935 712 4002 monasterium
736 3943 945 4003 memoratum
971 3936 1112 4002 accessit
1136 3941 1169 4000 et
1193 3933 1301 4000 ianuis
1326 3934 1398 4000 eius

277 4041 391 4109 tractis
408 4041 528 4108 dictum
544 4043 706 4110 Abbatem
722 4063 761 4110 ac
777 4043 911 4126 triginta
928 4045 1009 4112 duos
1026 4042 1203 4110 monachos
1216 4091 1224 4118 ,
1239 4061 1275 4108 se
1290 4047 1396 4126 prote-

277 4149 375 4216 ctioni
390 4148 582 4236 Apostoliee
597 4159 827 4236 supponentes,
839 4173 903 4219 non
918 4154 1043 4234 absque
1053 4151 1227 4217 iniectione
1242 4167 1397 4216 manuum

145 4283 150 4288 ·
276 4257 419 4323 violenta
435 4257 584 4343 nequiter
600 4263 674 4346 capi
692 4259 778 4344 lecit,
796 4265 828 4326 et
842 4261 980 4327 vinculis
990 4257 1104 4326 lerreis
1117 4253 1315 4342 compeditos
1326 4277 1396 4323 car·

276 4363 376 4430 cerali
392 4365 537 4432 custodie
553 4367 752 4453 mancipari3
770 4389 830 4435 nec
845 4367 909 4434 biis
925 4375 1094 4434 contentus
1105 4365 1148 4431 ad
1160 4363 1319 4430 cumulum
1328 4383 1398 4430 ma-

271 4471 355 4557 joris
370 4473 513 4557 nequitie
529 4473 715 4544 Cornelium
732 4476 925 4546 monachum
950 4477 1003 4543 vel
1027 4473 1135 4560 potius
1158 4473 1395 4556 demoniacum,

278 4577 488 4648 demandato
505 4581 652 4668 ejusdem
669 4583 853 4657 Prenestini
878 4599 900 4648 a
924 4583 1123 4653 monasterio
1148 4580 1220 4670 ipso
1237 4579 1397 4668 exigenti·
