<?xml version="1.0" encoding="UTF-8"?>
<!DOCTYPE html PUBLIC "-//W3C//DTD XHTML 1.0 Transitional//EN"
    "http://www.w3.org/TR/xhtml1/DTD/xhtml1-transitional.dtd">
<html xmlns="http://www.w3.org/1999/xhtml" xml:lang="en" lang="en">
 <head>
  <title>
</title>
<meta http-equiv="Content-Type" content="text/html;charset=utf-8" />
  <meta name='ocr-system' content='tesseract 3.04.00' />
  <meta name='ocr-capabilities' content='ocr_page ocr_carea ocr_par ocr_line ocrx_word'/>
</head>
<body>
  <div class='ocr_page' id='page_1' title='image "./codexdiplomatic11wenzgoog_0269.png"; bbox 0 0 3140 5044; ppageno 0'>
   <div class='ocr_carea' id='block_1_1' title="bbox 785 293 943 396">
    <p class='ocr_par' dir='ltr' id='par_1_1' title="bbox 785 293 943 396">
     <span class='ocr_line' id='line_1_1' title="bbox 785 293 943 396; baseline 0 -35"><span class='ocrx_word' id='word_1_1' title='bbox 785 293 943 396; x_wconf 36' lang='lat' dir='ltr'>aar„</span> 
     </span>
    </p>
   </div>
   <div class='ocr_carea' id='block_1_2' title="bbox 300 482 1433 792">
    <p class='ocr_par' dir='ltr' id='par_1_2' title="bbox 300 482 1433 792">
     <span class='ocr_line' id='line_1_2' title="bbox 302 482 1424 572; baseline 0.011 -26"><span class='ocrx_word' id='word_1_2' title='bbox 302 485 452 564; x_wconf 88' lang='lat' dir='ltr'>oporteat</span> <span class='ocrx_word' id='word_1_3' title='bbox 462 482 531 550; x_wconf 90' lang='lat' dir='ltr'>fieri</span> <span class='ocrx_word' id='word_1_4' title='bbox 557 484 771 568; x_wconf 89' lang='lat' dir='ltr'>mentionem,</span> <span class='ocrx_word' id='word_1_5' title='bbox 798 492 831 554; x_wconf 88' lang='lat' dir='ltr'>et</span> <span class='ocrx_word' id='word_1_6' title='bbox 855 505 915 572; x_wconf 86' lang='lat' dir='ltr'>per</span> <span class='ocrx_word' id='word_1_7' title='bbox 934 505 997 570; x_wconf 85' lang='lat' dir='ltr'>quc</span> <span class='ocrx_word' id='word_1_8' title='bbox 1014 487 1113 555; x_wconf 81' lang='lat' dir='ltr'>iidem</span> <span class='ocrx_word' id='word_1_9' title='bbox 1130 487 1276 558; x_wconf 85' lang='lat' dir='ltr'>Abbates</span> <span class='ocrx_word' id='word_1_10' title='bbox 1292 499 1325 556; x_wconf 89' lang='lat' dir='ltr'>et</span> <span class='ocrx_word' id='word_1_11' title='bbox 1341 494 1424 561; x_wconf 80' lang='lat' dir='ltr'>Gon·</span> 
     </span>
     <span class='ocr_line' id='line_1_3' title="bbox 300 596 1433 670; baseline 0.01 -17"><span class='ocrx_word' id='word_1_12' title='bbox 300 596 427 670; x_wconf 82' lang='lat' dir='ltr'>ventus,</span> <span class='ocrx_word' id='word_1_13' title='bbox 451 607 828 660; x_wconf 81' lang='lat' dir='ltr'>acsuccessoreseorum</span> <span class='ocrx_word' id='word_1_14' title='bbox 853 597 1140 664; x_wconf 84' lang='lat' dir='ltr'>valcantsetueri.</span> <span class='ocrx_word' id='word_1_15' title='bbox 1179 597 1300 664; x_wconf 86' lang='lat' dir='ltr'>Datum</span> <span class='ocrx_word' id='word_1_16' title='bbox 1329 599 1433 666; x_wconf 82' lang='lat' dir='ltr'>Asisii</span> 
     </span>
     <span class='ocr_line' id='line_1_4' title="bbox 304 693 1229 792; baseline 0.015 -34"><span class='ocrx_word' id='word_1_17' title='bbox 304 693 346 760; x_wconf 91' lang='lat'>11.</span> <span class='ocrx_word' id='word_1_18' title='bbox 363 715 471 763; x_wconf 86' lang='lat' dir='ltr'>nonus</span> <span class='ocrx_word' id='word_1_19' title='bbox 487 699 689 783; x_wconf 78' lang='lat' dir='ltr'><strong>Septembris</strong></span> <span class='ocrx_word' id='word_1_20' title='bbox 708 699 934 787; x_wconf 87' lang='lat' dir='ltr'>(Pontificatus</span> <span class='ocrx_word' id='word_1_21' title='bbox 952 703 1069 792; x_wconf 89' lang='lat' dir='ltr'>nostri)</span> <span class='ocrx_word' id='word_1_22' title='bbox 1085 724 1173 771; x_wconf 89' lang='lat' dir='ltr'>anno</span> <span class='ocrx_word' id='word_1_23' title='bbox 1187 703 1229 772; x_wconf 85' lang='lat' dir='ltr'>X.</span> 
     </span>
    </p>
   </div>
   <div class='ocr_carea' id='block_1_3' title="bbox 400 891 1310 970">
    <p class='ocr_par' dir='ltr' id='par_1_3' title="bbox 400 891 1310 970">
     <span class='ocr_line' id='line_1_5' title="bbox 400 891 1310 970; baseline 0.009 -25"><span class='ocrx_word' id='word_1_24' title='bbox 400 891 460 961; x_wconf 86' lang='lat' dir='ltr'>(IV.</span> <span class='ocrx_word' id='word_1_25' title='bbox 475 891 560 949; x_wconf 82' lang='lat' dir='ltr'>Incaa</span> <span class='ocrx_word' id='word_1_26' title='bbox 572 893 649 968; x_wconf 72' lang='lat' dir='ltr'>papa</span> <span class='ocrx_word' id='word_1_27' title='bbox 667 895 863 968; x_wconf 77' lang='lat' dir='ltr'>Regcsttibtl,</span> <span class='ocrx_word' id='word_1_28' title='bbox 884 897 1010 956; x_wconf 85' lang='lat' dir='ltr'>Theiner</span> <span class='ocrx_word' id='word_1_29' title='bbox 1024 899 1061 955; x_wconf 86' lang='lat' dir='ltr'>id.</span> <span class='ocrx_word' id='word_1_30' title='bbox 1076 915 1111 952; x_wconf 92' lang='lat' dir='ltr'>m.</span> <span class='ocrx_word' id='word_1_31' title='bbox 1126 897 1147 952; x_wconf 83' lang='lat' dir='ltr'>t</span> <span class='ocrx_word' id='word_1_32' title='bbox 1162 899 1190 953; x_wconf 82' lang='lat' dir='ltr'>k.</span> <span class='ocrx_word' id='word_1_33' title='bbox 1205 900 1265 956; x_wconf 76' lang='lat'>224.</span> <span class='ocrx_word' id='word_1_34' title='bbox 1279 898 1310 970; x_wconf 90' lang='lat' dir='ltr'>l.)</span> 
     </span>
    </p>
   </div>
   <div class='ocr_carea' id='block_1_4' title="bbox 753 1215 969 1227">
    <p class='ocr_par' dir='ltr' id='par_1_4' title="bbox 753 1215 969 1227">
     <span class='ocr_line' id='line_1_6' title="bbox 753 1215 969 1227; baseline 0 -2"><span class='ocrx_word' id='word_1_35' title='bbox 753 1215 969 1227; x_wconf 54' lang='lat' dir='ltr'><strong>*nr—-</strong></span> 
     </span>
    </p>
   </div>
   <div class='ocr_carea' id='block_1_5' title="bbox 817 1622 894 1686">
    <p class='ocr_par' dir='ltr' id='par_1_5' title="bbox 817 1622 894 1686">
     <span class='ocr_line' id='line_1_7' title="bbox 817 1622 894 1686; baseline 0.013 -1"><span class='ocrx_word' id='word_1_36' title='bbox 817 1622 894 1686; x_wconf 71' lang='lat'>100.</span> 
     </span>
    </p>
   </div>
   <div class='ocr_carea' id='block_1_6' title="bbox 296 1795 1417 2008">
    <p class='ocr_par' dir='ltr' id='par_1_6' title="bbox 296 1795 1417 2008">
     <span class='ocr_line' id='line_1_8' title="bbox 296 1795 1417 1906; baseline 0 -20"><span class='ocrx_word' id='word_1_37' title='bbox 296 1819 426 1886; x_wconf 76' lang='lat' dir='ltr'>Roluud</span> <span class='ocrx_word' id='word_1_38' title='bbox 449 1816 561 1880; x_wconf 80' lang='lat' dir='ltr'>adder-</span> <span class='ocrx_word' id='word_1_39' title='bbox 579 1839 617 1880; x_wconf 74' lang='lat' dir='ltr'>us</span> <span class='ocrx_word' id='word_1_40' title='bbox 633 1813 758 1878; x_wconf 71' lang='lat' dir='ltr'>ustura</span> <span class='ocrx_word' id='word_1_41' title='bbox 783 1820 814 1880; x_wconf 68' lang='lat' dir='ltr'>aa</span> <span class='ocrx_word' id='word_1_42' title='bbox 829 1841 849 1880; x_wconf 87' lang='lat' dir='ltr'>a</span> <span class='ocrx_word' id='word_1_43' title='bbox 865 1819 993 1882; x_wconf 71' lang='lat' dir='ltr'>tarouca·</span> <span class='ocrx_word' id='word_1_44' title='bbox 1017 1822 1176 1906; x_wconf 69' lang='lat' dir='ltr'>odraepelr</span> <span class='ocrx_word' id='word_1_45' title='bbox 1192 1795 1286 1885; x_wconf 70' lang='lat' dir='ltr'>itb&#39;ati¹</span> <span class='ocrx_word' id='word_1_46' title='bbox 1307 1821 1417 1886; x_wconf 63' lang='grc' dir='ltr'>λαιάν·</span> 
     </span>
     <span class='ocr_line' id='line_1_9' title="bbox 545 1924 1030 2008; baseline 0.008 -23"><span class='ocrx_word' id='word_1_47' title='bbox 545 1955 551 1968; x_wconf 91' lang='grc'><em>·</em></span> <span class='ocrx_word' id='word_1_48' title='bbox 679 1935 753 2008; x_wconf 79' lang='lat' dir='ltr'>pert</span> <span class='ocrx_word' id='word_1_49' title='bbox 768 1925 863 1988; x_wconf 72' lang='lat' dir='ltr'>iacta·</span> <span class='ocrx_word' id='word_1_50' title='bbox 877 1924 915 1989; x_wconf 82' lang='lat' dir='ltr'>el.</span> <span class='ocrx_word' id='word_1_51' title='bbox 932 1925 1030 1990; x_wconf 83' lang='lat'><strong><em>1253.</em></strong></span> 
     </span>
    </p>
   </div>
   <div class='ocr_carea' id='block_1_7' title="bbox 269 2100 1418 4014">
    <p class='ocr_par' dir='ltr' id='par_1_7' title="bbox 269 2100 1418 4014">
     <span class='ocr_line' id='line_1_10' title="bbox 269 2100 1418 2176; baseline 0.008 -9"><span class='ocrx_word' id='word_1_52' title='bbox 269 2103 274 2110; x_wconf 86' lang='grc'><em>’</em></span> <span class='ocrx_word' id='word_1_53' title='bbox 403 2101 473 2168; x_wconf 86' lang='lat' dir='ltr'>Nos</span> <span class='ocrx_word' id='word_1_54' title='bbox 489 2100 658 2166; x_wconf 78' lang='lat' dir='ltr'>Rotundus</span> <span class='ocrx_word' id='word_1_55' title='bbox 676 2101 845 2170; x_wconf 87' lang='lat' dir='ltr'>Palatinus</span> <span class='ocrx_word' id='word_1_56' title='bbox 862 2101 1022 2168; x_wconf 83' lang='lat' dir='ltr'>etComes</span> <span class='ocrx_word' id='word_1_57' title='bbox 1039 2103 1250 2172; x_wconf 88' lang='lat' dir='ltr'>Posoniensis</span> <span class='ocrx_word' id='word_1_58' title='bbox 1267 2109 1418 2176; x_wconf 87' lang='lat' dir='ltr'>omnibus</span> 
     </span>
     <span class='ocr_line' id='line_1_11' title="bbox 295 2206 1418 2299; baseline 0 -17"><span class='ocrx_word' id='word_1_59' title='bbox 295 2216 467 2299; x_wconf 75' lang='lat' dir='ltr'>presentes</span> <span class='ocrx_word' id='word_1_60' title='bbox 492 2208 621 2274; x_wconf 87' lang='lat' dir='ltr'>litteras</span> <span class='ocrx_word' id='word_1_61' title='bbox 648 2209 843 2293; x_wconf 90' lang='lat' dir='ltr'>inspecturis</span> <span class='ocrx_word' id='word_1_62' title='bbox 871 2206 1022 2276; x_wconf 87' lang='lat' dir='ltr'>duximus</span> <span class='ocrx_word' id='word_1_63' title='bbox 1049 2209 1308 2298; x_wconf 84' lang='lat' dir='ltr'>significandum,</span> <span class='ocrx_word' id='word_1_64' title='bbox 1329 2216 1418 2298; x_wconf 83' lang='lat' dir='ltr'>quod</span> 
     </span>
     <span class='ocr_line' id='line_1_12' title="bbox 295 2314 1415 2404; baseline 0.005 -20"><span class='ocrx_word' id='word_1_65' title='bbox 295 2337 367 2384; x_wconf 89' lang='lat' dir='ltr'>oum</span> <span class='ocrx_word' id='word_1_66' title='bbox 382 2314 540 2395; x_wconf 82' lang='lat' dir='ltr'>Etbnrub,</span> <span class='ocrx_word' id='word_1_67' title='bbox 557 2322 589 2380; x_wconf 89' lang='lat' dir='ltr'>et</span> <span class='ocrx_word' id='word_1_68' title='bbox 604 2315 765 2402; x_wconf 85' lang='lat' dir='ltr'>Seraphin</span> <span class='ocrx_word' id='word_1_69' title='bbox 781 2315 867 2382; x_wconf 88' lang='lat' dir='ltr'>filius</span> <span class='ocrx_word' id='word_1_70' title='bbox 879 2317 1036 2401; x_wconf 87' lang='lat' dir='ltr'>eiusdem,</span> <span class='ocrx_word' id='word_1_71' title='bbox 1056 2319 1194 2404; x_wconf 79' lang='lat' dir='ltr'>Arauag,</span> <span class='ocrx_word' id='word_1_72' title='bbox 1212 2319 1415 2403; x_wconf 84' lang='lat' dir='ltr'>Joachimus,</span> 
     </span>
     <span class='ocr_line' id='line_1_13' title="bbox 295 2419 1416 2508; baseline 0.002 -16"><span class='ocrx_word' id='word_1_73' title='bbox 295 2433 329 2492; x_wconf 86' lang='lat' dir='ltr'>et</span> <span class='ocrx_word' id='word_1_74' title='bbox 343 2423 488 2492; x_wconf 84' lang='lat' dir='ltr'>Jcannes</span> <span class='ocrx_word' id='word_1_75' title='bbox 504 2419 564 2486; x_wconf 83' lang='lat' dir='ltr'>titii</span> <span class='ocrx_word' id='word_1_76' title='bbox 580 2420 728 2489; x_wconf 92' lang='lat' dir='ltr'>Othmari</span> <span class='ocrx_word' id='word_1_77' title='bbox 737 2471 747 2506; x_wconf 87' lang='lat'><em>,</em></span> <span class='ocrx_word' id='word_1_78' title='bbox 771 2423 852 2489; x_wconf 90' lang='lat' dir='ltr'>Jurk</span> <span class='ocrx_word' id='word_1_79' title='bbox 879 2419 964 2490; x_wconf 78' lang='lat' dir='ltr'>bliu&#39;s</span> <span class='ocrx_word' id='word_1_80' title='bbox 985 2424 1133 2508; x_wconf 85' lang='lat' dir='ltr'>Zolunta,</span> <span class='ocrx_word' id='word_1_81' title='bbox 1151 2425 1284 2491; x_wconf 88' lang='lat' dir='ltr'>Dobecb</span> <span class='ocrx_word' id='word_1_82' title='bbox 1300 2435 1333 2493; x_wconf 88' lang='lat' dir='ltr'>et</span> <span class='ocrx_word' id='word_1_83' title='bbox 1348 2425 1416 2494; x_wconf 75' lang='lat' dir='ltr'>our</span> 
     </span>
     <span class='ocr_line' id='line_1_14' title="bbox 293 2527 1415 2621; baseline 0.004 -25"><span class='ocrx_word' id='word_1_84' title='bbox 293 2531 352 2597; x_wconf 86' lang='lat' dir='ltr'>tilii</span> <span class='ocrx_word' id='word_1_85' title='bbox 368 2527 558 2610; x_wconf 79' lang='lat' dir='ltr'>Clementis,</span> <span class='ocrx_word' id='word_1_86' title='bbox 577 2529 691 2595; x_wconf 83' lang='lat' dir='ltr'>Cbeka</span> <span class='ocrx_word' id='word_1_87' title='bbox 718 2529 804 2612; x_wconf 80' lang='lat' dir='ltr'>filius</span> <span class='ocrx_word' id='word_1_88' title='bbox 822 2529 966 2616; x_wconf 83' lang='lat' dir='ltr'>Ohobyo,</span> <span class='ocrx_word' id='word_1_89' title='bbox 985 2532 1149 2598; x_wconf 87' lang='lat' dir='ltr'>Moramus</span> <span class='ocrx_word' id='word_1_90' title='bbox 1166 2529 1253 2599; x_wconf 85' lang='lat' dir='ltr'>tilius</span> <span class='ocrx_word' id='word_1_91' title='bbox 1269 2535 1415 2621; x_wconf 79' lang='lat' dir='ltr'>Mamley</span> 
     </span>
     <span class='ocr_line' id='line_1_15' title="bbox 295 2637 1416 2723; baseline -0.002 -17"><span class='ocrx_word' id='word_1_92' title='bbox 295 2658 362 2706; x_wconf 87' lang='lat' dir='ltr'>una</span> <span class='ocrx_word' id='word_1_93' title='bbox 379 2657 450 2703; x_wconf 90' lang='lat' dir='ltr'>curn</span> <span class='ocrx_word' id='word_1_94' title='bbox 466 2637 531 2703; x_wconf 90' lang='lat' dir='ltr'>tilio</span> <span class='ocrx_word' id='word_1_95' title='bbox 548 2657 607 2703; x_wconf 91' lang='lat' dir='ltr'>suo</span> <span class='ocrx_word' id='word_1_96' title='bbox 624 2639 761 2723; x_wconf 87' lang='lat' dir='ltr'>Joanne,</span> <span class='ocrx_word' id='word_1_97' title='bbox 779 2659 819 2705; x_wconf 92' lang='lat' dir='ltr'>ac</span> <span class='ocrx_word' id='word_1_98' title='bbox 830 2639 921 2705; x_wconf 88' lang='lat' dir='ltr'>Bodo</span> <span class='ocrx_word' id='word_1_99' title='bbox 938 2639 1149 2706; x_wconf 84' lang='lat' dir='ltr'>bliusJaccbi</span> <span class='ocrx_word' id='word_1_100' title='bbox 1168 2641 1209 2706; x_wconf 92' lang='lat' dir='ltr'>de</span> <span class='ocrx_word' id='word_1_101' title='bbox 1232 2643 1313 2708; x_wconf 90' lang='lat' dir='ltr'>nilla</span> <span class='ocrx_word' id='word_1_102' title='bbox 1330 2642 1416 2708; x_wconf 87' lang='lat' dir='ltr'>Kar-</span> 
     </span>
     <span class='ocr_line' id='line_1_16' title="bbox 293 2739 1414 2830; baseline 0.003 -19"><span class='ocrx_word' id='word_1_103' title='bbox 293 2747 364 2830; x_wconf 88' lang='lat' dir='ltr'>cha‚</span> <span class='ocrx_word' id='word_1_104' title='bbox 377 2745 923 2830; x_wconf 79' lang='lat' dir='ltr'>jobagionesCastriPcsonicnsis‚</span> <span class='ocrx_word' id='word_1_105' title='bbox 942 2748 1172 2816; x_wconf 84' lang='lat' dir='ltr'>convenissent</span> <span class='ocrx_word' id='word_1_106' title='bbox 1192 2739 1300 2815; x_wconf 88' lang='lat' dir='ltr'>coram</span> <span class='ocrx_word' id='word_1_107' title='bbox 1316 2750 1414 2814; x_wconf 89' lang='lat' dir='ltr'>nobis</span> 
     </span>
     <span class='ocr_line' id='line_1_17' title="bbox 292 2854 1414 2942; baseline 0 -20"><span class='ocrx_word' id='word_1_108' title='bbox 292 2855 453 2942; x_wconf 82' lang='lat' dir='ltr'>Wogyam</span> <span class='ocrx_word' id='word_1_109' title='bbox 463 2855 563 2920; x_wconf 86' lang='lat' dir='ltr'>fitium</span> <span class='ocrx_word' id='word_1_110' title='bbox 574 2855 674 2941; x_wconf 85' lang='lat' dir='ltr'><strong>Syda,</strong></span> <span class='ocrx_word' id='word_1_111' title='bbox 685 2854 834 2933; x_wconf 83' lang='lat' dir='ltr'>Qucncer</span> <span class='ocrx_word' id='word_1_112' title='bbox 846 2855 1017 2940; x_wconf 86' lang='lat' dir='ltr'>Olericum,</span> <span class='ocrx_word' id='word_1_113' title='bbox 1028 2857 1165 2924; x_wconf 88' lang='lat' dir='ltr'>Kemam</span> <span class='ocrx_word' id='word_1_114' title='bbox 1175 2855 1275 2922; x_wconf 88' lang='lat' dir='ltr'>filium</span> <span class='ocrx_word' id='word_1_115' title='bbox 1290 2857 1414 2940; x_wconf 84' lang='lat' dir='ltr'>Kenee,</span> 
     </span>
     <span class='ocr_line' id='line_1_18' title="bbox 290 2962 1410 3050; baseline 0.003 -23"><span class='ocrx_word' id='word_1_116' title='bbox 290 2963 446 3028; x_wconf 89' lang='lat' dir='ltr'>Jacobnm</span> <span class='ocrx_word' id='word_1_117' title='bbox 471 2963 568 3026; x_wconf 87' lang='lat' dir='ltr'>filium</span> <span class='ocrx_word' id='word_1_118' title='bbox 594 2962 760 3044; x_wconf 71' lang='lat' dir='ltr'>Moches,</span> <span class='ocrx_word' id='word_1_119' title='bbox 777 2964 938 3028; x_wconf 89' lang='lat' dir='ltr'>Joancam</span> <span class='ocrx_word' id='word_1_120' title='bbox 954 2962 1054 3029; x_wconf 86' lang='lat' dir='ltr'>fitium</span> <span class='ocrx_word' id='word_1_121' title='bbox 1081 2965 1184 3050; x_wconf 77' lang='lat' dir='ltr'>Elyo,</span> <span class='ocrx_word' id='word_1_122' title='bbox 1219 2963 1410 3030; x_wconf 85' lang='lat' dir='ltr'>Mauricium</span> 
     </span>
     <span class='ocr_line' id='line_1_19' title="bbox 290 3067 1410 3164; baseline -0.001 -29"><span class='ocrx_word' id='word_1_123' title='bbox 290 3071 389 3137; x_wconf 89' lang='lat' dir='ltr'>filium</span> <span class='ocrx_word' id='word_1_124' title='bbox 404 3067 586 3150; x_wconf 85' lang='lat' dir='ltr'>Michaelis,</span> <span class='ocrx_word' id='word_1_125' title='bbox 604 3076 636 3133; x_wconf 91' lang='lat' dir='ltr'>et</span> <span class='ocrx_word' id='word_1_126' title='bbox 653 3087 728 3134; x_wconf 89' lang='lat' dir='ltr'>suos</span> <span class='ocrx_word' id='word_1_127' title='bbox 745 3076 904 3154; x_wconf 83' lang='lat' dir='ltr'>cognatos</span> <span class='ocrx_word' id='word_1_128' title='bbox 921 3073 961 3136; x_wconf 91' lang='lat' dir='ltr'>de</span> <span class='ocrx_word' id='word_1_129' title='bbox 987 3071 1268 3164; x_wconf 59' lang='lat' dir='ltr'>uiilaQet</span> <span class='ocrx_word' id='word_1_130' title='bbox 1283 3071 1324 3137; x_wconf 90' lang='lat' dir='ltr'>de</span> <span class='ocrx_word' id='word_1_131' title='bbox 1341 3072 1410 3136; x_wconf 86' lang='lat' dir='ltr'>alia</span> 
     </span>
     <span class='ocr_line' id='line_1_20' title="bbox 290 3175 1410 3264; baseline -0.003 -20"><span class='ocrx_word' id='word_1_132' title='bbox 290 3178 371 3244; x_wconf 90' lang='lat' dir='ltr'>nilla</span> <span class='ocrx_word' id='word_1_133' title='bbox 382 3175 525 3261; x_wconf 87' lang='lat' dir='ltr'>Karcha,</span> <span class='ocrx_word' id='word_1_134' title='bbox 543 3176 676 3261; x_wconf 84' lang='lat' dir='ltr'>Fyntur,</span> <span class='ocrx_word' id='word_1_135' title='bbox 693 3179 822 3260; x_wconf 86' lang='lat' dir='ltr'>Fenies,</span> <span class='ocrx_word' id='word_1_136' title='bbox 836 3177 976 3262; x_wconf 80' lang='lat' dir='ltr'>Tukam,</span> <span class='ocrx_word' id='word_1_137' title='bbox 994 3179 1129 3261; x_wconf 83' lang='lat' dir='ltr'>Menam,</span> <span class='ocrx_word' id='word_1_138' title='bbox 1152 3178 1271 3264; x_wconf 81' lang='lat' dir='ltr'>Obiper</span> <span class='ocrx_word' id='word_1_139' title='bbox 1283 3178 1410 3263; x_wconf 84' lang='lat' dir='ltr'>jocula-</span> 
     </span>
     <span class='ocr_line' id='line_1_21' title="bbox 289 3283 1413 3370; baseline 0.001 -19"><span class='ocrx_word' id='word_1_140' title='bbox 289 3293 391 3353; x_wconf 81' lang='lat' dir='ltr'><strong>torum</strong></span> <span class='ocrx_word' id='word_1_141' title='bbox 410 3291 442 3350; x_wconf 86' lang='lat' dir='ltr'>et</span> <span class='ocrx_word' id='word_1_142' title='bbox 467 3290 626 3366; x_wconf 85' lang='lat' dir='ltr'>cognatos</span> <span class='ocrx_word' id='word_1_143' title='bbox 643 3285 830 3369; x_wconf 87' lang='lat' dir='ltr'>eorundem,</span> <span class='ocrx_word' id='word_1_144' title='bbox 848 3287 987 3370; x_wconf 90' lang='lat' dir='ltr'>populos</span> <span class='ocrx_word' id='word_1_145' title='bbox 1013 3283 1169 3351; x_wconf 84' lang='lat' dir='ltr'>uidelicet</span> <span class='ocrx_word' id='word_1_146' title='bbox 1186 3285 1294 3352; x_wconf 81' lang='lat' dir='ltr'>Castri</span> <span class='ocrx_word' id='word_1_147' title='bbox 1310 3287 1413 3354; x_wconf 92' lang='lat' dir='ltr'>Poso-</span> 
     </span>
     <span class='ocr_line' id='line_1_22' title="bbox 288 3390 1410 3476; baseline 0.001 -19"><span class='ocrx_word' id='word_1_148' title='bbox 288 3391 422 3474; x_wconf 81' lang='lat' dir='ltr'>niensis,</span> <span class='ocrx_word' id='word_1_149' title='bbox 439 3390 666 3476; x_wconf 83' lang='lat' dir='ltr'>proponebant</span> <span class='ocrx_word' id='word_1_150' title='bbox 682 3392 794 3457; x_wconf 86' lang='lat' dir='ltr'>taliter</span> <span class='ocrx_word' id='word_1_151' title='bbox 805 3398 918 3459; x_wconf 90' lang='lat' dir='ltr'>contra</span> <span class='ocrx_word' id='word_1_152' title='bbox 929 3393 1038 3476; x_wconf 88' lang='lat' dir='ltr'>ipsos:</span> <span class='ocrx_word' id='word_1_153' title='bbox 1065 3391 1289 3470; x_wconf 79' lang='lat' dir='ltr'>Quodterram</span> <span class='ocrx_word' id='word_1_154' title='bbox 1300 3411 1410 3459; x_wconf 88' lang='lat' dir='ltr'>eornm</span> 
     </span>
     <span class='ocr_line' id='line_1_23' title="bbox 288 3498 1413 3584; baseline 0.002 -19"><span class='ocrx_word' id='word_1_155' title='bbox 288 3502 357 3566; x_wconf 90' lang='lat' dir='ltr'>iure</span> <span class='ocrx_word' id='word_1_156' title='bbox 375 3498 573 3563; x_wconf 88' lang='lat' dir='ltr'>hereditario</span> <span class='ocrx_word' id='word_1_157' title='bbox 590 3517 791 3584; x_wconf 87' lang='lat' dir='ltr'>possessam,</span> <span class='ocrx_word' id='word_1_158' title='bbox 801 3499 897 3565; x_wconf 91' lang='lat' dir='ltr'>meti</span> <span class='ocrx_word' id='word_1_159' title='bbox 908 3501 1050 3582; x_wconf 89' lang='lat' dir='ltr'>antiquis</span> <span class='ocrx_word' id='word_1_160' title='bbox 1066 3499 1207 3582; x_wconf 89' lang='lat' dir='ltr'>undiquc</span> <span class='ocrx_word' id='word_1_161' title='bbox 1224 3499 1413 3567; x_wconf 81' lang='lat' dir='ltr'>distinctam</span> 
     </span>
     <span class='ocr_line' id='line_1_24' title="bbox 287 3605 1410 3692; baseline 0 -20"><span class='ocrx_word' id='word_1_162' title='bbox 287 3605 331 3672; x_wconf 86' lang='lat' dir='ltr'>ad</span> <span class='ocrx_word' id='word_1_163' title='bbox 347 3623 445 3670; x_wconf 90' lang='lat' dir='ltr'>unum</span> <span class='ocrx_word' id='word_1_164' title='bbox 470 3611 612 3670; x_wconf 83' lang='lat' dir='ltr'><strong>aratrum</strong></span> <span class='ocrx_word' id='word_1_165' title='bbox 639 3605 856 3672; x_wconf 78' lang='lat' dir='ltr'>sufficientem</span> <span class='ocrx_word' id='word_1_166' title='bbox 873 3607 906 3671; x_wconf 94' lang='lat' dir='ltr'>in</span> <span class='ocrx_word' id='word_1_167' title='bbox 923 3615 1012 3673; x_wconf 87' lang='lat' dir='ltr'>terra</span> <span class='ocrx_word' id='word_1_168' title='bbox 1028 3606 1147 3673; x_wconf 81' lang='lat' dir='ltr'><strong>arabili</strong></span> <span class='ocrx_word' id='word_1_169' title='bbox 1165 3627 1236 3674; x_wconf 92' lang='lat' dir='ltr'>cum</span> <span class='ocrx_word' id='word_1_170' title='bbox 1253 3615 1347 3692; x_wconf 89' lang='lat' dir='ltr'>prato</span> <span class='ocrx_word' id='word_1_171' title='bbox 1376 3615 1410 3673; x_wconf 89' lang='lat' dir='ltr'>et</span> 
     </span>
     <span class='ocr_line' id='line_1_25' title="bbox 286 3711 1407 3800; baseline 0.004 -25"><span class='ocrx_word' id='word_1_172' title='bbox 286 3711 397 3780; x_wconf 81' lang='lat' dir='ltr'>teneto</span> <span class='ocrx_word' id='word_1_173' title='bbox 422 3712 560 3780; x_wconf 86' lang='lat' dir='ltr'>candem</span> <span class='ocrx_word' id='word_1_174' title='bbox 595 3721 716 3780; x_wconf 84' lang='lat' dir='ltr'>terram</span> <span class='ocrx_word' id='word_1_175' title='bbox 750 3714 999 3799; x_wconf 76' lang='lat' dir='ltr'>respicientibus</span> <span class='ocrx_word' id='word_1_176' title='bbox 1034 3715 1188 3781; x_wconf 89' lang='lat' dir='ltr'>videlicet</span> <span class='ocrx_word' id='word_1_177' title='bbox 1213 3714 1407 3800; x_wconf 86' lang='lat' dir='ltr'>occupando</span> 
     </span>
     <span class='ocr_line' id='line_1_26' title="bbox 287 3818 1411 3906; baseline 0.002 -22"><span class='ocrx_word' id='word_1_178' title='bbox 287 3818 488 3903; x_wconf 78' lang='lat' dir='ltr'>detinerent3</span> <span class='ocrx_word' id='word_1_179' title='bbox 513 3821 740 3906; x_wconf 84' lang='lat' dir='ltr'>proponebant</span> <span class='ocrx_word' id='word_1_180' title='bbox 764 3824 878 3904; x_wconf 85' lang='lat' dir='ltr'>eciam,</span> <span class='ocrx_word' id='word_1_181' title='bbox 908 3821 1045 3904; x_wconf 85' lang='lat' dir='ltr'>quodin</span> <span class='ocrx_word' id='word_1_182' title='bbox 1061 3821 1127 3889; x_wconf 92' lang='lat' dir='ltr'>alio</span> <span class='ocrx_word' id='word_1_183' title='bbox 1144 3824 1229 3897; x_wconf 88' lang='lat' dir='ltr'>loco,</span> <span class='ocrx_word' id='word_1_184' title='bbox 1255 3822 1288 3887; x_wconf 92' lang='lat' dir='ltr'>in</span> <span class='ocrx_word' id='word_1_185' title='bbox 1304 3823 1411 3905; x_wconf 90' lang='lat' dir='ltr'>pratis</span> 
     </span>
     <span class='ocr_line' id='line_1_27' title="bbox 286 3927 1406 4014; baseline 0.004 -23"><span class='ocrx_word' id='word_1_186' title='bbox 286 3932 320 3994; x_wconf 91' lang='lat' dir='ltr'>et</span> <span class='ocrx_word' id='word_1_187' title='bbox 336 3928 429 4010; x_wconf 89' lang='lat' dir='ltr'>aquis</span> <span class='ocrx_word' id='word_1_188' title='bbox 446 3927 489 3993; x_wconf 90' lang='lat' dir='ltr'>ad</span> <span class='ocrx_word' id='word_1_189' title='bbox 506 3929 596 4012; x_wconf 89' lang='lat' dir='ltr'>ipsos</span> <span class='ocrx_word' id='word_1_190' title='bbox 622 3935 810 3998; x_wconf 86' lang='lat' dir='ltr'>castrenses</span> <span class='ocrx_word' id='word_1_191' title='bbox 835 3929 1073 4014; x_wconf 88' lang='lat' dir='ltr'>pertinentibus</span> <span class='ocrx_word' id='word_1_192' title='bbox 1091 3930 1193 3995; x_wconf 84' lang='lat' dir='ltr'>tercia</span> <span class='ocrx_word' id='word_1_193' title='bbox 1211 3949 1289 4014; x_wconf 88' lang='lat' dir='ltr'>pars</span> <span class='ocrx_word' id='word_1_194' title='bbox 1305 3929 1406 3996; x_wconf 85' lang='lat' dir='ltr'>debo-</span> 
     </span>
    </p>
   </div>
   <div class='ocr_carea' id='block_1_8' title="bbox 284 4033 1540 4121">
    <p class='ocr_par' dir='ltr' id='par_1_8' title="bbox 284 4033 1540 4121">
     <span class='ocr_line' id='line_1_28' title="bbox 284 4033 1540 4121; baseline 0.002 -22"><span class='ocrx_word' id='word_1_195' title='bbox 284 4041 334 4100; x_wconf 90' lang='lat' dir='ltr'>ret</span> <span class='ocrx_word' id='word_1_196' title='bbox 350 4050 423 4100; x_wconf 87' lang='lat' dir='ltr'>esso</span> <span class='ocrx_word' id='word_1_197' title='bbox 440 4033 481 4098; x_wconf 90' lang='lat' dir='ltr'>de</span> <span class='ocrx_word' id='word_1_198' title='bbox 497 4035 565 4098; x_wconf 88' lang='lat' dir='ltr'>iura</span> <span class='ocrx_word' id='word_1_199' title='bbox 581 4033 779 4102; x_wconf 89' lang='lat' dir='ltr'>hereditario</span> <span class='ocrx_word' id='word_1_200' title='bbox 789 4034 974 4119; x_wconf 89' lang='lat' dir='ltr'>eorundem,</span> <span class='ocrx_word' id='word_1_201' title='bbox 992 4055 1089 4118; x_wconf 88' lang='lat' dir='ltr'>qnam</span> <span class='ocrx_word' id='word_1_202' title='bbox 1099 4043 1224 4121; x_wconf 87' lang='lat' dir='ltr'>partem</span> <span class='ocrx_word' id='word_1_203' title='bbox 1234 4036 1409 4120; x_wconf 88' lang='lat' dir='ltr'>possidere</span> <span class='ocrx_word' id='word_1_204' title='bbox 1539 4117 1540 4120; x_wconf 8' lang='grc' dir='ltr'><strong>Ἴ</strong></span> 
     </span>
    </p>
   </div>
   <div class='ocr_carea' id='block_1_9' title="bbox 281 4142 1410 4662">
    <p class='ocr_par' dir='ltr' id='par_1_9' title="bbox 281 4142 1410 4662">
     <span class='ocr_line' id='line_1_29' title="bbox 283 4142 1407 4230; baseline 0 -22"><span class='ocrx_word' id='word_1_205' title='bbox 283 4162 348 4212; x_wconf 92' lang='lat' dir='ltr'>non</span> <span class='ocrx_word' id='word_1_206' title='bbox 365 4147 518 4227; x_wconf 86' lang='lat' dir='ltr'>possent,</span> <span class='ocrx_word' id='word_1_207' title='bbox 543 4142 623 4226; x_wconf 91' lang='lat' dir='ltr'>ipsis</span> <span class='ocrx_word' id='word_1_208' title='bbox 649 4143 871 4210; x_wconf 80' lang='lat' dir='ltr'>castrensibus</span> <span class='ocrx_word' id='word_1_209' title='bbox 898 4162 1006 4209; x_wconf 89' lang='lat' dir='ltr'>corum</span> <span class='ocrx_word' id='word_1_210' title='bbox 1034 4145 1103 4210; x_wconf 89' lang='lat' dir='ltr'>iure</span> <span class='ocrx_word' id='word_1_211' title='bbox 1116 4144 1260 4230; x_wconf 90' lang='lat' dir='ltr'>ipsorum</span> <span class='ocrx_word' id='word_1_212' title='bbox 1277 4145 1407 4211; x_wconf 87' lang='lat' dir='ltr'>utinen</span> 
     </span>
     <span class='ocr_line' id='line_1_30' title="bbox 281 4249 1407 4336; baseline 0.001 -20"><span class='ocrx_word' id='word_1_213' title='bbox 281 4249 553 4336; x_wconf 86' lang='lat' dir='ltr'>permittentibus.</span> <span class='ocrx_word' id='word_1_214' title='bbox 569 4249 690 4316; x_wconf 81' lang='lat' dir='ltr'>Contra</span> <span class='ocrx_word' id='word_1_215' title='bbox 706 4269 788 4333; x_wconf 92' lang='lat' dir='ltr'>quos</span> <span class='ocrx_word' id='word_1_216' title='bbox 806 4249 905 4316; x_wconf 89' lang='lat' dir='ltr'>iidem</span> <span class='ocrx_word' id='word_1_217' title='bbox 922 4257 1113 4318; x_wconf 89' lang='lat' dir='ltr'>castrenses</span> <span class='ocrx_word' id='word_1_218' title='bbox 1140 4252 1341 4320; x_wconf 85' lang='lat' dir='ltr'>resistebant</span> <span class='ocrx_word' id='word_1_219' title='bbox 1356 4251 1407 4318; x_wconf 90' lang='lat' dir='ltr'>di·</span> 
     </span>
     <span class='ocr_line' id='line_1_31' title="bbox 284 4355 1409 4444; baseline 0.004 -22"><span class='ocrx_word' id='word_1_220' title='bbox 284 4365 414 4440; x_wconf 88' lang='lat' dir='ltr'>centes,</span> <span class='ocrx_word' id='word_1_221' title='bbox 448 4355 537 4439; x_wconf 90' lang='lat' dir='ltr'>quod</span> <span class='ocrx_word' id='word_1_222' title='bbox 561 4355 621 4424; x_wconf 90' lang='lat' dir='ltr'>bec</span> <span class='ocrx_word' id='word_1_223' title='bbox 649 4361 758 4426; x_wconf 88' lang='lat' dir='ltr'>omnia</span> <span class='ocrx_word' id='word_1_224' title='bbox 785 4377 914 4444; x_wconf 88' lang='lat' dir='ltr'>semper</span> <span class='ocrx_word' id='word_1_225' title='bbox 940 4357 1080 4426; x_wconf 87' lang='lat' dir='ltr'>fuissent</span> <span class='ocrx_word' id='word_1_226' title='bbox 1104 4365 1137 4425; x_wconf 89' lang='lat' dir='ltr'>et</span> <span class='ocrx_word' id='word_1_227' title='bbox 1162 4379 1235 4427; x_wconf 86' lang='lat' dir='ltr'>csse</span> <span class='ocrx_word' id='word_1_228' title='bbox 1261 4360 1409 4428; x_wconf 83' lang='lat' dir='ltr'>debeant</span> 
     </span>
     <span class='ocr_line' id='line_1_32' title="bbox 285 4463 1408 4554; baseline 0.009 -28"><span class='ocrx_word' id='word_1_229' title='bbox 285 4483 326 4527; x_wconf 83' lang='lat' dir='ltr'>ex</span> <span class='ocrx_word' id='word_1_230' title='bbox 339 4463 414 4544; x_wconf 88' lang='lat' dir='ltr'>jure</span> <span class='ocrx_word' id='word_1_231' title='bbox 425 4466 578 4547; x_wconf 86' lang='lat' dir='ltr'>ipsorum,</span> <span class='ocrx_word' id='word_1_232' title='bbox 600 4473 632 4530; x_wconf 91' lang='lat' dir='ltr'>et</span> <span class='ocrx_word' id='word_1_233' title='bbox 648 4485 669 4530; x_wconf 89' lang='lat' dir='ltr'>a</span> <span class='ocrx_word' id='word_1_234' title='bbox 684 4467 883 4548; x_wconf 87' lang='lat' dir='ltr'>temporibus</span> <span class='ocrx_word' id='word_1_235' title='bbox 910 4468 1054 4552; x_wconf 87' lang='lat' dir='ltr'>antiquis</span> <span class='ocrx_word' id='word_1_236' title='bbox 1080 4467 1213 4554; x_wconf 88' lang='lat' dir='ltr'>pacifice</span> <span class='ocrx_word' id='word_1_237' title='bbox 1239 4467 1408 4554; x_wconf 85' lang='lat' dir='ltr'>possedis-</span> 
     </span>
     <span class='ocr_line' id='line_1_33' title="bbox 285 4570 1410 4662; baseline 0.005 -26"><span class='ocrx_word' id='word_1_238' title='bbox 285 4575 370 4652; x_wconf 85' lang='lat' dir='ltr'>sent,</span> <span class='ocrx_word' id='word_1_239' title='bbox 387 4589 447 4636; x_wconf 87' lang='lat' dir='ltr'>ncc</span> <span class='ocrx_word' id='word_1_240' title='bbox 464 4570 588 4654; x_wconf 85' lang='lat' dir='ltr'>aliquid</span> <span class='ocrx_word' id='word_1_241' title='bbox 605 4572 845 4638; x_wconf 89' lang='lat' dir='ltr'>communitatis</span> <span class='ocrx_word' id='word_1_242' title='bbox 856 4591 928 4638; x_wconf 90' lang='lat' dir='ltr'>cum</span> <span class='ocrx_word' id='word_1_243' title='bbox 944 4574 1025 4659; x_wconf 90' lang='lat' dir='ltr'>ipsis</span> <span class='ocrx_word' id='word_1_244' title='bbox 1036 4573 1205 4642; x_wconf 85' lang='lat' dir='ltr'>baberent.</span> <span class='ocrx_word' id='word_1_245' title='bbox 1223 4574 1292 4642; x_wconf 88' lang='lat' dir='ltr'>Nos</span> <span class='ocrx_word' id='word_1_246' title='bbox 1307 4577 1410 4662; x_wconf 81' lang='lat' dir='ltr'>igitur</span> 
     </span>
    </p>
   </div>
   <div class='ocr_carea' id='block_1_10' title="bbox 0 0 1574 5044">
    <p class='ocr_par' dir='ltr' id='par_1_10' title="bbox 0 0 1574 5044">
     <span class='ocr_line' id='line_1_34' title="bbox 0 0 1574 5044; baseline 0 8"><span class='ocrx_word' id='word_1_247' title='bbox 0 0 1574 5044; x_wconf 95' lang='lat' dir='ltr'> </span> 
     </span>
    </p>
   </div>
  </div>
 </body>
</html>
