3282 5032
811 323 832 388 2

742 407 904 420 -a-

262 524 315 584 cet
331 524 363 584 ct
379 518 499 602 populo
523 515 662 583 fideliter
687 518 730 584 sit
754 516 942 603 prouisum
959 517 1171 603 Monasterio,
1192 538 1233 585 ne
1252 525 1385 604 propter

261 626 524 690 incertitudinem
551 624 734 692 officiorum
758 646 818 712 per
843 625 1009 693 maliciam
1037 625 1185 694 eiusdem
1201 627 1315 714 popuii
1331 627 1385 694 de·

261 731 338 799 bitis
354 739 387 800 et
403 733 568 800 consuetis
583 733 733 800 seruiciis
748 751 904 818 processu
920 735 1077 820 temporis
1089 733 1316 818 defraudatum
1327 753 1383 818 po-

261 841 453 924 pulonem,
473 859 515 906 nc
533 842 617 908 alias
634 842 808 928 quicquam
825 843 911 909 ultra
927 842 1040 910 debita
1056 850 1089 908 ct
1106 849 1262 910 consueta
1279 841 1384 910 serui-

261 947 312 1012 cia
328 968 387 1034 per
402 949 634 1018 Monasterium
650 951 811 1033 exigatur.
844 951 996 1018 Pretatus
1013 957 1122 1019 entem
1137 952 1296 1037 magister
1311 971 1385 1036 pre·

262 1063 391 1140 ceptum
423 1065 566 1124 nostrum
582 1057 766 1143 adimplens
782 1059 959 1143 diligenter
974 1066 1080 1126 terras
1104 1064 1245 1127 metatus
1262 1065 1295 1128 ct
1310 1079 1383 1124 con·
1455 1127 1458 1132 ,

261 1161 406 1232 diciones
432 1165 598 1232 hominum
621 1166 814 1234 Monosterii
839 1167 1015 1253 sepedicti
1032 1168 1183 1236 redactas
1202 1169 1235 1234 in
1254 1167 1383 1252 scriptis

261 1271 356 1339 nobis
371 1271 510 1341 fideliter
526 1275 741 1358 presentauit.
758 1274 904 1353 Quarum
920 1275 1022 1342 series
1038 1277 1086 1342 sic
1101 1294 1138 1344 sc
1155 1273 1274 1340 habet:

366 1380 469 1466 Ipse
493 1381 615 1449 Mons
639 1383 777 1449 Sacer
802 1383 1055 1466 Pannonio,
1079 1385 1113 1448 in
1139 1382 1383 1466 quesitumest

261 1487 494 1554 monasterium
511 1489 607 1555 Beati
624 1488 775 1574 Martini,
800 1490 899 1556 habet
915 1511 973 1576 per
989 1491 1158 1558 circuitum
1175 1491 1278 1574 ipsius
1295 1511 1382 1558 mon·

260 1595 303 1661 tis
329 1602 450 1662 terram
475 1617 496 1662 a
520 1597 688 1662 cacumine
714 1597 832 1663 montis
857 1593 993 1664 inferius
1017 1617 1078 1682 per
1102 1599 1166 1663 tria
1185 1595 1325 1663 miliaria
1341 1598 1383 1664 ab
1480 1651 1483 1658 .

261 1703 348 1771 omni
364 1713 459 1788 parte
475 1704 535 1788 sui,
553 1703 706 1771 videlicet
722 1705 765 1771 ab
781 1705 915 1788 oriente,
933 1705 1080 1788 meridie,
1097 1703 1267 1772 occidente
1284 1711 1316 1769 et
1332 1723 1384 1770 se·

261 1812 457 1898 ptcmtrionc
480 1811 525 1878 ad
549 1831 648 1878 unum
673 1819 820 1879 aratrum
836 1833 895 1898 pro
912 1813 1059 1895 quolibet
1074 1813 1213 1890 miliari,
1240 1832 1337 1896 quam
1361 1833 1383 1878 a

260 1925 405 2002 tempore
421 1919 615 1986 Sanctorum
627 1919 761 2004 Regum,
779 1920 904 1985 scilicet
920 1921 1035 1986 Sancti
1046 1920 1206 2008 Stephani
1221 1929 1253 1986 et
1268 1919 1383 1987 Ladiz-

261 2025 306 2090 lai
331 2025 435 2090 tenuit
458 2032 491 2091 ct
515 2025 682 2110 possedit,
702 2034 735 2092 ct
760 2045 846 2092 nunc
870 2026 1019 2112 possidet
1034 2025 1383 2096 sine'eontradiecione

261 2129 372 2214 aliqua
387 2131 523 2217 pacifico
539 2141 573 2201 et
589 2134 718 2218 quiete,
740 2140 771 2199 et
788 2135 998 2202 circumcirca
1013 2135 1057 2202 ad
1072 2137 1174 2220 pedes
1190 2134 1384 2220 supradicti

261 2241 380 2306 montis
396 2238 496 2307 habet
511 2241 624 2324 plures
639 2241 736 2308 rillas
754 2262 842 2329 suas,
853 2243 1061 2326 queinfcrius
1072 2245 1289 2311 nominentur.
1301 2244 1383 2310 Gon·

259 2347 449 2414 terminales
465 2354 575 2415 autem
590 2349 687 2415 villas
703 2349 801 2416 habet
816 2349 897 2417 has:
925 2349 1056 2437 Hymud
1081 2369 1142 2434 que
1167 2349 1233 2417 ulio
1252 2352 1382 2417 nomine

260 2455 372 2521 Nelka
387 2453 513 2541 dicitur,
528 2455 656 2542 Tapae,
672 2458 785 2524 villam
801 2477 983 2543 agasonum
993 2458 1103 2544 Regis,
1115 2459 1227 2526 villam
1238 2461 1382 2544 Temen,

261 2569 390 2648 quaest
404 2563 582 2630 communis
608 2563 672 2631 sibi
687 2570 721 2632 ct
735 2565 829 2650 aliis3
857 2565 977 2633 deinde
1002 2565 1205 2652 protenditur
1228 2567 1384 2632 terminus

261 2672 330 2738 eius
356 2691 457 2756 usque
474 2673 656 2758 Sabariam,
678 2673 868 2740 ubidicitur
892 2681 988 2742 natus
1004 2673 1145 2741 Sanctus
1163 2673 1330 2759 Martinus,
1348 2679 1382 2740 et

260 2782 307 2850 ibi
321 2782 356 2848 in
370 2783 460 2848 valle
476 2781 650 2848 mediaest
666 2781 738 2847 fons
755 2782 928 2866 sacer,qui
938 2788 1075 2850 vocatur
1091 2789 1192 2866 caput
1203 2779 1384 2870 Pannonis,

260 2890 406 2975 quicum
422 2890 498 2954 aliis
515 2889 657 2955 fontibus
673 2889 753 2956 facit
768 2889 906 2956 rinulum
930 2891 990 2957 sub
1015 2890 1157 2958 ecclesia
1173 2889 1288 2958 Sancti
1303 2891 1383 2958 Wil-

260 2997 389 3083 libaldi,
406 3005 439 3063 ct
449 3005 582 3063 uocatur
592 2997 761 3082 Pannosa3
773 3005 804 3064 et
814 2997 889 3064 inde
906 2997 1077 3066 descendit
1092 3017 1194 3082 usque
1210 2997 1254 3065 ad
1270 2997 1383 3065 viltam

261 3106 342 3192 Ech,
363 3107 480 3191 etipse
497 3105 621 3171 riuulus
638 3124 711 3172 cum
727 3113 814 3171 terra
830 3105 1101 3180 circaadiacenti
1115 3104 1257 3192 pertinet
1272 3105 1381 3173 totali·

259 3219 310 3280 ter
334 3213 378 3282 ad
402 3215 523 3281 dictem
547 3214 799 3297 monasterium,
826 3219 858 3280 et
883 3213 1091 3281 circumcirca
1121 3213 1261 3282 riuulum
1284 3212 1385 3280 habet

259 3325 355 3408 plura
371 3321 499 3406 tenete,
519 3327 638 3404 stagna
653 3322 717 3388 tria
732 3328 764 3388 et
780 3319 915 3416 totidem
930 3321 1002 3390 loca
1018 3329 1098 3408 apta
1114 3320 1158 3388 ad
1174 3319 1361 3388 molendina
1374 3341 1382 3404 ς

259 3431 379 3500 deinde
404 3431 574 3499 descendit
599 3449 702 3513 usque
728 3430 772 3497 ad
791 3429 904 3498 villam
919 3431 1005 3514 Nol,
1031 3433 1117 3498 vltra
1139 3429 1279 3496 riuulum
1303 3446 1382 3496 uero

259 3539 326 3605 iam
351 3539 474 3606 dictum
498 3539 598 3606 habet
622 3544 728 3604 terras
754 3557 940 3606 communes
966 3537 1111 3604 arabites
1136 3555 1208 3604 cum
1226 3533 1382 3621 predictis

198 3661 202 3669 ’
260 3646 366 3729 villis,
384 3651 417 3713 et
432 3645 556 3729 siluas,
574 3646 695 3730 colles,
711 3647 817 3712 valles
834 3653 868 3712 et
882 3665 1027 3730 nemora,
1046 3663 1109 3728 quc
1124 3645 1220 3730 uulgo
1236 3642 1384 3710 dicuntur

260 3749 406 3820 Sacorov
415 3801 425 3834 ,
442 3755 475 3820 in
491 3752 608 3837 quibus
624 3752 725 3818 habet
739 3753 850 3838 plures
866 3755 981 3820 vineas
997 3759 1030 3819 et
1045 3753 1120 3821 loca
1135 3760 1215 3838 apta
1231 3752 1274 3820 ad
1290 3753 1382 3837 plan-

258 3860 396 3930 tandum
422 3859 546 3928 vineas.
571 3859 655 3926 ltem
674 3859 775 3927 habet
789 3861 1055 3927 conterminalem
1070 3861 1182 3928 villam
1197 3857 1334 3926 Rouond
1350 3865 1384 3926 et

155 3957 159 3966 ’
259 3975 342 4040 duas
358 3975 469 4054 portes
484 3974 569 4035 terre
585 3969 689 4034 tocius
706 3968 784 4034 ville
801 3967 924 4052 ipsius,
951 3969 1134 4036 atterciam
1149 3975 1279 4054 partem
1294 3973 1381 4035 terre

259 4081 410 4147 villarum
426 4077 646 4161 predictarum
663 4076 731 4143 Ech
749 4082 782 4142 et
796 4076 872 4142 Nul.

365 4189 403 4254 In
418 4187 499 4254 uilla
513 4187 545 4253 N
556 4207 574 4252 c
585 4187 596 4251 l
609 4185 631 4252 tr
642 4206 663 4251 a
674 4185 889 4271 jobagionum
905 4186 1100 4268 equestrium
1122 4193 1197 4255 sunt
1212 4186 1279 4254 XX
1293 4205 1382 4251 man·

260 4296 370 4364 siones
379 4346 389 4380 ‚
405 4291 541 4362 Othmar
557 4294 702 4376 scilicet,
718 4293 834 4372 Renke
842 4342 852 4376 ,
878 4294 996 4361 Petrus
1022 4301 1056 4360 et
1080 4293 1218 4378 Egidius
1234 4311 1307 4360 cum
1321 4309 1384 4360 sna

259 4404 469 4490 cognacionc,
486 4411 594 4490 preter
610 4405 766 4490 paruulos
782 4409 815 4468 et
826 4403 966 4488 juuenas
975 4453 985 4489 ,
1012 4423 1147 4487 qnorum
1168 4402 1381 4472 corniciaco

257 4511 327 4578 bita
344 4513 543 4580 Monasterio
559 4512 673 4581 Sancti
689 4510 820 4578 Martini
837 4511 1016 4578 secundum
1032 4511 1270 4579 confessionem
1286 4529 1380 4579 snam

259 4625 334 4688 sunt
351 4619 432 4706 hec,
457 4623 543 4706 quod
566 4621 720 4690 uidelicet
734 4621 855 4689 debent
871 4619 993 4688 seruire
1009 4620 1042 4685 in
1058 4618 1151 4702 equis
1166 4619 1304 4706 propriis
1320 4617 1378 4701 ita,
