3220 5058
717 333 722 338 .
771 241 840 341 ‚⁷..1-
848 335 872 342 .-

236 437 332 508 terras
362 435 457 502 metis
483 441 580 506 certis
605 394 771 526 distingui·
786 444 990 530 precepimus
1017 465 1096 532 sepe
1121 447 1209 514 dicte
1234 449 1357 530 Abbati

237 541 345 612 Sanetl
362 544 502 613 Martini
519 545 641 616 Datum
659 569 748 618 eune
764 553 875 636 gracie
892 553 1220 642 n⁰do⁰xxx⁰v11⁰.

234 715 292 788 (rc.
304 715 482 794 uersuruy
496 715 608 781 rear-n
621 725 793 797 degerans
806 714 1008 808 eumeryeuer,
1028 721 1311 794 recenseamus.
1326 753 1352 793 ι.

235 821 238 825 ·
281 871 283 876 ,
747 821 849 889 Ceret.)
1010 843 1013 848 ·
1221 857 1224 864 ·

679 1063 806 1072 ι--ι--η-
820 1065 838 1072 ...
864 1065 921 1076 ι...-

760 1363 848 1464 er.¹

247 1573 352 1639 Βόηθε
366 1575 466 1639 uddor
481 1598 502 1636 e
513 1573 743 1662 poauerrbolrue'
759 1578 789 1639 de
805 1596 826 1640 u
841 1579 1195 1644 caecassent-demetet
1209 1580 1326 1666 apdtelt

445 1681 516 1744 aesc
532 1681 625 1746 euzae·
639 1681 788 1746 cermel
802 1675 937 1768 oppeto»
951 1685 1018 1747 iul.
1035 1684 1134 1782 123⁷.

329 1859 397 1927 Nes
412 1861 453 1927 D.
471 1859 533 1926 Dei
548 1849 664 1946 gracia
679 1860 849 1928 Palatinus
865 1867 898 1928 et
910 1861 1028 1932 (lomes
1044 1859 1086 1926 dc
1096 1861 1205 1932 Zenue
1221 1862 1346 1949 vniuera

221 1953 454 2053 representes
471 1967 599 2035 litteras
614 1966 810 2060 inspecturis
826 1968 966 2037 salutem·
983 1968 1016 2062 ln
1033 1969 1198 2046 Domino..
1209 1969 1345 2046 Vniuer-

221 2076 312 2143 sitati
327 2083 435 2144 nostre
452 2081 565 2144 tonerc
580 2076 785 2162 presencium
801 2074 940 2150 iacimus
958 2095 1032 2143 esse
1043 2083 1164 2164 nolum,
1175 2077 1346 2160 quodcum

220 2185 304 2252 inter
328 2184 550 2251 venerabilem
575 2183 737 2252 Abbatem
762 2184 877 2252 Sancti
901 2185 1034 2254 Martini
1059 2185 1101 2251 de
1117 2179 1219 2254 Sacro
1236 2187 1345 2258 Monte

220 2292 389 2360 Pannonio
404 2309 445 2358 ex
461 2300 555 2376 parte
570 2312 636 2360 nna
652 2298 687 2358 et
701 2292 839 2378 populos
854 2293 932 2359 ville
947 2287 1101 2360 Zotnmar
1110 2292 1250 2386 Abbatis
1260 2293 1344 2363 San·

220 2389 265 2466 cti
279 2385 435 2466 Demetrii
461 2397 503 2468 de
528 2399 648 2468 Sirmln
673 2419 770 2485 super
786 2387 927 2490 quadam
943 2407 1030 2466 terre
1044 2400 1228 2484 quantitate
1244 2397 1343 2480 inin·

218 2507 315 2575 troitn
326 2507 482 2576 Kenesna
498 2527 571 2574 eum
588 2504 682 2574 ‘licia
698 2527 756 2596 per
771 2508 979 2577 latitudinem
996 2513 1029 2574 et
1044 2506 1280 2598 longitudinem
1295 2494 1342 2574 di·

220 2623 270 2682 cte
285 2622 388 2700 terre,
414 2622 447 2681 et
461 2617 547 2683 ultre
564 2617 689 2682 Tielarn
705 2636 764 2701 per
779 2623 880 2682 tetum
896 2613 1144 2695 arundinetum
1169 2616 1255 2698 quod
1269 2634 1341 2700 pre·
1456 2614 1461 2627 “

218 2721 361 2790 tenditur
384 2722 428 2790 ad
453 2721 689 2806 longitudinem¹
699 2724 803 2812 ipsius
819 2729 914 2809 terre,
932 2729 964 2790 et
979 2723 1053 2788 lacu
1069 2721 1188 2788 Mireht
1203 2721 1342 2814 vulgali·

217 2835 268 2895 ter
281 2821 453 2916 appellate
470 2849 511 2897 ex
525 2831 642 2913 altera,
662 2832 804 2916 longeva
814 2849 929 2897 ceram
945 2829 1046 2905 noble,
1056 2827 1184 2912 questio
1200 2832 1341 2897 uertere-

218 2943 288 3026 tnr2
311 2936 442 3005 tandem
458 2937 607 3006 dominns
622 2941 695 3008 Rex
710 2938 770 3006 sub
787 2946 879 3006 certa
894 2939 1001 3007 sermo
1016 2933 1059 3005 ad
1076 2935 1243 3006 sciendam
1258 2938 1341 3004 reri·

218 3050 319 3110 tatem
334 3045 503 3134 Marcello,
521 3047 619 3113 Petro
634 3046 675 3113 de
690 3047 888 3134 Hnngessog
898 3097 909 3131 ‚
919 3045 1013 3138 ,Kese
1029 3035 1147 3112 O'emiti
1163 3043 1205 3112 de
1219 3059 1341 3124 genere

218 3151 344 3237 llimca‚
361 3153 554 3222 etlliebaeli
570 3153 636 3228 lilio
646 3157 724 3242 Meg
740 3158 782 3224 de
798 3175 919 3240 genere
935 3153 1050 3221 Oonad
1066 3151 1202 3219 dirrexit
1217 3151 1341 3234 scripta

218 3277 279 3326 sua
288 3310 298 3345 ,
324 3266 356 3327 et
370 3279 430 3346 pro
445 3278 528 3347 pace
543 3263 772 3349 retermanda,
798 3263 827 3330 si
844 3283 910 3348 qna
925 3267 1038 3346 posset
1053 3259 1121 3325 lieri
1138 3258 1222 3340 inter
1237 3257 1339 3342 ipsos,

218 3365 305 3449 quod
320 3365 396 3458 inde
411 3368 534 3436 lactum
549 3391 609 3457 per
623 3391 680 3457 se,
705 3369 764 3439 'seu
789 3392 847 3457 per
861 3371 986 3436 litteras
1002 3385 1081 3433 snas
1097 3365 1229 3432 demine
1245 3361 1339 3448 Regi,

217 3481 250 3548 et
265 3474 360 3541 nobis
375 3477 543 3546 studerent
557 3479 722 3545 nunciare.
754 3475 847 3553 Quod
864 3473 1052 3546 mandatum
1068 3471 1205 3556 Regium
1221 3470 1338 3552 exequi

218 3581 388 3667 cupientes
403 3584 447 3650 ad
462 3585 644 3670 predictam
660 3593 779 3653 terram
796 3581 839 3651 de
852 3585 996 3650 Drusma
1005 3631 1015 3666 ,
1031 3581 1074 3647 de
1089 3579 1204 3661 Oasar,
1222 3576 1263 3643 de
1279 3575 1337 3643 So-

216 3691 325 3757 lomnn
340 3687 524 3762 Abbatibus
540 3700 572 3760 et
588 3693 885 3786 conterminalibus,
896 3698 929 3760 ct
947 3690 1110 3760 nobilibus
1126 3685 1213 3754 illius
1232 3683 1338 3771 patrie

217 3805 285 3866 tam
309 3800 487 3870 maioribus
511 3821 609 3885 quam
636 3804 813 3870 minoribns
828 3797 1047 3890 personaliter
1064 3796 1279 3876 aecedentes,
1302 3801 1360 3880 nt⁸

215 3909 337 3976 veritas
352 3930 412 3995 per
428 3911 519 3998 ipsos
534 3912 662 3998 plenius
678 3914 918 3998 illuscesceret,
943 3909 1075 3977 Abbate
1098 3913 1208 3975 umen
1227 3912 1342 3972 eoram

215 4017 297 4114 ipsis
311 4021 527 4105 personaliter
542 4013 769 4107 comparente,
787 4019 829 4110 {et
844 4023 986 4090 aduersa
1001 4023 1096 4106 perte
1111 4036 1149 4084 se
1165 4019 1336 4082 centuma-

216 4127 298 4194 citer
313 4126 510 4195 absentante
526 4148 641 4216 pecem
657 4121 740 4197 inter
755 4132 847 4217 ipses
863 4131 1005 4198 formare
1020 4128 1231 4213 nequierunt,
1250 4122 1336 4195 sieut

215 4259 256 4306 ex
271 4237 458 4308 testimonio
474 4238 653 4310 litterarum
667 4241 850 4328 recepimus
865 4239 1060 4324 eorundem
1086 4249 1243 4322 processu
1258 4251 1335 4300 uero

213 4346 371 4432 temporis
396 4345 543 4431 partibus
567 4347 601 4413 in
625 4349 738 4415 nostre
761 4347 934 4438 presencia
958 4343 1143 4414 constitutis
1166 4341 1335 4438 proposuit

213 4454 327 4521 Abbas
343 4453 457 4520 Sancti
472 4453 614 4541 Martini,
631 4463 762 4542 terram,
778 4475 810 4525 et
826 4458 933 4523 lacum
946 4453 1066 4524 Mirobt
1081 4471 1152 4518 cnm
1165 4451 1260 4516 'Picio
1276 4467 1335 4533 per

212 4561 416 4640 latitudinem
429 4569 463 4636 et
478 4562 713 4651 longitudinem
723 4565 811 4641 dieto
826 4571 910 4638 terre
926 4573 959 4644 et
973 4567 1059 4636 ultra
1075 4559 1201 4633 Tieiam
1212 4575 1334 4630 ,setun-
