3154 5030
658 260 803 413 A.

155 517 223 580 tres
239 497 398 579 terminos
421 511 682 596 assignamus,
709 529 810 596 super
825 527 889 594 quo
905 513 1036 577 nostras
1051 507 1137 580 alias
1153 506 1282 602 litteras

154 619 306 692 dedimus
324 619 542 687 memoriales.
559 620 602 686 Vt
617 620 717 705 igitur
733 621 826 687 huius
842 618 890 686 rei
905 607 1120 703 geste-series
1133 609 1213 699 eota
1229 633 1280 680 co·

155 748 227 795 ram
243 727 339 796 nobis
356 727 451 794 duret
476 727 509 794 in
534 734 719 813 posterum,
746 735 779 795 et
803 729 901 794 robur
925 723 1108 794 eternitatis
1124 721 1281 809 optineat,

157 857 220 905 nec
235 838 419 921 aliquorum
435 836 624 921 calumpnia
648 853 705 902 seu
730 837 877 922 maligna
895 833 1081 902 intencione
1098 837 1197 914 queat
1211 830 1282 896 irri-

157 946 231 1029 tari,
249 952 421 1031 presentes
437 945 566 1011 litteras
584 945 803 1012 concessimus
820 944 1000 1030 sigillorum
1015 947 1198 1010 nostrorum
1214 955 1286 1004 mn:

158 1054 280 1122 nimine
295 1055 477 1132 roboratas.
494 1054 616 1119 Datum
628 1073 714 1120 anno
725 1053 857 1119 Domini
870 1052 1044 1121 millesimo
1061 1048 1283 1116 ducentesimo

159 1161 323 1230 tricesimo
340 1168 469 1232 octeno.
1238 1161 1240 1164 ’

255 1305 468 1410 ·(Eredetis
482 1355 500 1392 a
513 1337 727 1394 erent-mimoni
741 1335 894 1412 idapdtsdg
907 1333 1128 1406 lcudltdrdbsn.)
1248 1343 1251 1350 ’
1368 1325 1372 1334 ’

592 1558 813 1570 'nu—m

703 1805 758 1870 53.

185 1964 216 2032 Α
232 1965 419 2060 hakonybtli
432 1961 511 2052 updt
525 1989 540 2030 s
555 1990 576 2030 c
591 1965 759 2052 oeczprdmi
775 1965 806 2030 6⁸
820 1965 913 2051 pyb'ru'
930 1963 1164 2052 odrjodbdqyok
1179 1963 1262 2028 lebeti

167 2077 169 2080 ’
521 2096 617 2159 peres
631 2085 704 2160 elpy.
721 2073 810 2136 1238
825 2071 927 2136 Ir'o'rttl.

270 2234 427 2320 Omnibus
444 2252 564 2319 Obristi
582 2249 750 2335 fidelibus,
766 2249 990 2336 presentibus,
1008 2257 1041 2316 et
1057 2253 1197 2337 posteris
1216 2271 1286 2338 pre·

32 2397 34 2400 ·
163 2361 309 2431 cencium
325 2361 531 2448 inspecturis.¹
546 2361 617 2428 Nos
633 2361 750 2428 Comes
760 2358 940 2442 Dionisius,
958 2364 990 2424 et
1006 2357 1162 2444 magister
1177 2367 1290 2426 tanam-

160 2470 308 2538 uicorum
324 2469 447 2554 Regine
463 2467 652 2552 Hunga'rie,
680 2475 712 2532 et
737 2467 917 2533 Nicholaus
947 2467 1066 2533 Comes
1083 2467 1124 2532 de
1141 2467 1286 2553 Obengd,

163 2575 275 2645 Lucas·
286 2573 632 2654 Comesflnntiensis,
659 2582 691 2642 et
711 2574 896 2665 ,Nicbolaus
920 2575 992 2640 nice
1009 2574 1105 2641 Gnrie
1121 2575 1220 2658 Regis
1233 2575 1287 2660 jn·

165 2677 230 2752 dex
247 2683 488 2770 significamus,
517 2683 604 2768 quod
629 2683 740 2769 populi
762 2682 862 2748 castri
879 2682 1149 2767 Vesprimiensis,
1176 2689 1209 2748 et
1232 2674 1288 2766 po·

162 2793 230 2880 puli
248 2794 347 2860 castri
357 2792 540 2860 Jauriensis
558 2811 623 2856 nna
639 2812 711 2858 erim
727 2790 959 2876 iobagionibus
977 2797 1155 2857 castrorum
1173 2809 1286 2856 eorun-

163 2902 237 2968 dem
252 2901 464 2990 requirebant
480 2919 588 2968 eoram
606 2900 700 2965 nobis
718 2899 880 2983 quandam
898 2906 1018 2966 terram
1035 2901 1166 2966 nomine
1183 2899 1286 2966 Soezu

162 3011 194 3076 X
211 3015 390 3082 aratrorum
408 3007 448 3072 de
465 3007 594 3074 Abbete
610 3007 705 3072 Beati
722 3005 870 3073 Maurioii
886 2990 927 3073 de
943 3008 1027 3093 Bely
1036 3055 1045 3090 ,
1072 3012 1185 3080 contra
1208 3025 1287 3089 qnos

165 3114 271 3182 dictus
287 3115 400 3182 Abbus
411 3123 413 3128 '
425 3122 545 3182 terram
570 3115 769 3204 nominatam
789 3113 1140 3200 Ecclesiesup‘redicte
1156 3113 1287 3198 priuile-

162 3224 217 3308 gio
235 3224 348 3290 Sancti
364 3209 525 3310 Ladizlay
541 3225 639 3309 Regis
656 3224 904 3306 circumquaque
929 3225 1024 3289 metis
1041 3221 1221 3302 assignatis
1236 3239 1305 3285 ast

164 3330 263 3396 seruit
281 3329 514 3412 confirmatam,
534 3338 566 3398 et
582 3332 668 3415 quod
686 3331 824 3397 vocibus
835 3332 1018 3416 protulerat
1026 3327 1200 3414 priuilegio
1211 3327 1286 3393 bea-

162 3439 282 3506 tissimi
297 3439 397 3530 Regis
407 3439 576 3525 ¹Ladizlay
594 3439 827 3525 comprobavit.
843 3439 1052 3504 Licetoausa
1067 3434 1287 3521 parciumad·

163 3545 350 3629 uersurum,
375 3545 530 3630 quamdiu
555 3565 666 3612 coram
691 3547 781 3630 Rege
807 3545 889 3611 Belo
913 3545 1035 3627 tercio,
1061 3533 1196 3611 et'nliis
1218 3543 1287 3610 suls

54 3637 59 3645 ¹
92 3697 94 3700 -
163 3654 335 3740 indicibus,
354 3659 386 3719 et
403 3655 516 3719 coram·
528 3655 624 3720 nobis
640 3645 759 3719 fuisset
775 3633 953 3734 ventilato,
969 3651 1103 3719 tandem
1119 3652 1154 3717 in
1170 3651 1287 3718 litteris

163 3762 283 3830 domini
299 3762 403 3828 nostri
419 3761 518 3845 Regis
533 3751 634 3844 Bele,
655 3767 687 3826 et
703 3761 735 3827 in
751 3760 870 3846 litteris
885 3763 983 3845 trium
998 3751 1139 3828 indicum
1156 3781 1178 3828 a
1194 3759 1286 3846 Rege

164 3872 411 3946 constitutorum
422 3921 437 3961 ,⁸
447 3868 603 3937 videlicet
619 3868 730 3936 (theou
746 3867 881 3952 Comitis
898 3867 1148 3956 Supruniensis,
1171 3875 1203 3934 'et
1218 3866 1286 3934 Ha-

162 3977 253 4047 holth
270 3967 406 4047 Comitis
422 3977 462 4044 dc
478 3979 598 4068 Ferreo
616 3977 743 4062 Castro,
760 3979 851 4044 Luca
868 3977 994 4052 domito
1009 3976 1212 4043 Musuniensi
1226 3975 1287 4042 Ec·

162 4085 264 4156 olesie
290 4076 460 4170 sepedicta
485 4073 606 4152 terram
630 4085 732 4152 Soezu
757 4083 812 4152 diu
837 4086 1037 4154 nominatam
1061 4083 1313 4170 perspeximus.

133 4208 136 4214 ’
160 4201 320 4281 perpetuo
337 4193 541 4277 restitutam
567 4211 627 4259 nos
653 4191 782 4276 quidem
801 4188 889 4260 reot'o
907 4194 1035 4262 tramite
1052 4191 1193 4259 iudicum
1211 4201 1287 4275 prb·

162 4302 341 4368 condentes
367 4303 459 4366 iuxta
486 4305 632 4386 tenorem
656 4307 942 4386 preenarratarum
973 4301 1155 4370 litterarum
1180 4297 1312 4365 eidem-

164 4407 313 4474 Eeclesie
330 4408 533 4475 decreuimns
544 4419 701 4495 perpetuo
712 4409 931 4495 statuendam,
943 4409 1108 4478 mediante
1119 4405 1286 4492 prestaldo

165 4533 264 4581 cause
282 4516 444 4601 magistro
454 4515 621 4602 Stephano
639 4517 804 4585 Oanonieo'
821 4519 975 4586 Albense.
992 4519 1136 4584 Poenam
1157 4517 1289 4598 insuper

167 4619 366 4708 adiecimus,
392 4632 428 4689 nt
453 4625 482 4690 si
506 4643 571 4708 que
594 4624 740 4714 parcium
757 4647 778 4693 e
793 4625 942 4713 predicta
967 4624 1136 4698 sentencia
1159 4621 1291 4690 resilire·
