3220 5058
718 289 876 390 AL

240 492 308 560 suis
324 449 376 575 fid,
394 489 457 556 sibi
473 497 626 577 reputans
644 509 717 557 esse
733 490 876 572 fautum,
900 488 1079 554 honoratur
1095 491 1128 552 et
1144 487 1309 574 spernitur
1324 487 1358 552 in

239 597 412 682 ministris;
438 597 552 683 quibus
578 597 774 684 potiusnon
800 599 903 665 solum
930 595 1052 661 oollata
1068 613 1222 676 servare,
1247 613 1358 660 verum

241 709 338 774 etiam
363 706 485 772 teneris
511 723 647 790 erogare
672 705 713 771 de
739 705 823 790 tuis,
848 711 883 770 ut
899 701 1064 788 condigna
1080 700 1294 769 retributione
1310 723 1359 769 re-

239 795 403 900 spondeas
420 811 572 879 bonorum
588 815 728 880 omnium
746 813 894 894 largitori
908 833 968 900 pro
984 809 1134 878 omnibus
1143 859 1152 892 ,
1170 829 1232 894 que
1248 809 1360 875 tribuit

238 920 310 1006 ipse
325 921 403 1005 tibi3
419 919 590 1006 presertim
606 940 677 986 oum
693 921 727 986 in
745 920 986 1006 compositione,
1003 937 1068 1004 qua
1084 917 1248 985 mediante
1264 937 1359 1012 uene·

239 1029 336 1097 rabili
352 1029 451 1095 fratre
466 1035 575 1095 nostro
593 1078 600 1094 .
618 1077 626 1094 .
645 1077 651 1092 .
678 1029 840 1116 Episcopo
856 1028 1057 1113 Peneslriuo,
1078 1034 1154 1094 luno
1169 1025 1360 1113 Apostoliee

241 1139 335 1208 Sedis
360 1139 485 1223 Legato
511 1138 595 1204 inter
619 1137 802 1203 Ecclesiam
819 1135 1017 1222 Ungarioam
1035 1141 1067 1204 et
1082 1135 1148 1204 ium
1166 1133 1287 1200 dietum
1303 1155 1360 1222 pa-

240 1255 321 1314 trem
338 1253 425 1312 tunm
442 1263 539 1330 super
554 1243 705 1332 dampnis
721 1245 827 1312 eidem
844 1245 994 1312 Eloulesie
1010 1243 1164 1328 irrogatis
1181 1242 1361 1310 amioabili-

240 1363 290 1423 ter
303 1354 495 1438 intervenit,
520 1361 555 1418 tu
580 1354 650 1439 ipse
676 1353 863 1438 promisisse
879 1352 999 1418 ditaris
1015 1353 1197 1418 iuramento
1213 1351 1361 1436 prestito,

242 1463 327 1550 quod
343 1468 457 1530 eontra
472 1460 692 1528 Euolesiarum
709 1461 882 1546 priuilegia
899 1467 930 1527 et
950 1459 1137 1526 libertatem
1161 1459 1360 1526 eeclesiasti-

242 1591 314 1638 oam
331 1572 372 1640 de
387 1575 495 1637 oetero
511 1591 574 1638 non
592 1570 730 1637 uenires.
741 1571 825 1649 Quia
841 1589 918 1638 vero
935 1572 989 1653 qui
1006 1570 1143 1636 multum
1160 1567 1268 1654 diligit
1284 1569 1362 1636 mul·

241 1689 307 1748 tum
323 1679 415 1746 timet
424 1729 433 1764 ,
450 1687 485 1746 et
501 1679 556 1746 ubi
573 1679 662 1746 dolor
677 1679 723 1746 ibi
738 1697 873 1761 manus,
900 1699 942 1746 ex
958 1679 1014 1744 illo
1030 1675 1188 1763 specialis
1204 1683 1237 1742 et
1253 1676 1363 1758 singu·

241 1788 320 1854 laris
336 1788 535 1854 sinueritatis
553 1787 689 1870 affeetu,
717 1807 780 1870 quo
805 1785 969 1872 predictos
989 1783 1215 1870 progenitores
1230 1791 1305 1850 tuos
1321 1803 1362 1850 ao

241 1895 405 1980 teipsum,
423 1901 456 1962 et
471 1895 616 1978 Regnum
634 1893 787 1978 Uogurie·
797 1893 988 1980 Apostolioa
1005 1895 1109 1962 Sedes
1125 1900 1158 1985 et
1173 1911 1233 1958 nou
1249 1891 1316 1976 ipsi
1330 1891 1364 1958 in

242 2001 362 2071 Ohristi
377 2004 496 2070 luimus
513 2003 694 2070 visceribus
712 2003 899 2088 amplexati,
915 2001 1102 2087 adquorum
1114 2000 1362 2084 exaltationem,

243 2130 340 2195 quam
356 2130 422 2176 non
437 2112 578 2176 alienam
596 2110 654 2177 sed
669 2110 833 2196 propriam
849 2109 1089 2194 reputavimus,
1116 2113 1273 2192 quantum
1291 2127 1364 2174 oum

243 2223 356 2284 nostra
372 2217 545 2302 potuimus,
557 2217 776 2286 laboravimus
792 2218 974 2300 honestate,
990 2217 1049 2285 tibi
1064 2223 1221 2301 tunquam
1238 2215 1364 2302 speoia-

243 2325 285 2392 lis
302 2323 451 2390 Eoulesie
466 2323 532 2390 lilio
548 2343 610 2390 non
627 2345 799 2410 possumus
816 2345 877 2392 non
894 2327 1027 2410 timere;
1046 2345 1119 2392 oum
1136 2343 1291 2392 excessus
1306 2321 1365 2388 bu·

243 2432 381 2498 iusmodi
412 2430 614 2500 detestabilis
646 2439 678 2500 et
709 2435 873 2517 enormis,
897 2435 958 2502 etsi
987 2425 1098 2518 gravis
1124 2435 1166 2500 sit
1192 2431 1365 2499 admodum

243 2541 278 2607 in
302 2558 338 2606 se
364 2540 453 2626 ipso,
479 2546 587 2606 tamen
612 2542 745 2625 gravius
772 2549 820 2607 est
846 2541 1049 2627 exemplum
1077 2543 1154 2626 quia
1173 2541 1363 2626 delinquen·

243 2647 330 2714 tibus
362 2649 415 2730 qui
447 2647 623 2734 precedunt
654 2650 753 2716 faoile
779 2657 931 2717 corruunt
956 2651 1012 2732 qui
1036 2657 1235 2732 sequuntur,
1260 2655 1294 2714 et
1320 2645 1365 2716 di·

244 2755 300 2840 gni
323 2762 372 2822 tot
395 2757 552 2822 mortibus
577 2763 651 2823 sunt
676 2759 731 2841 qui
755 2765 906 2842 presunt,
933 2765 1013 2840 quot
1038 2755 1082 2823 ad
1109 2755 1257 2823 subditos
1289 2773 1367 2824 suos

244 2862 436 2948 perditionis
462 2865 613 2950 exempla
638 2867 869 2932 transmittunt.
902 2867 953 2932 Ne
978 2865 1074 2950 igitur
1099 2864 1181 2946 tibi,
1214 2883 1310 2947 quern
1326 2863 1367 2930 de

246 2968 343 3035 eorde
361 2989 449 3056 puro
474 2978 507 3036 et
533 2973 732 3040 oonsuieutia
763 2973 849 3038 bonu
874 2972 1057 3055 diligimus,
1085 2970 1186 3040 simus
1211 2971 1366 3057 perditio-

245 3077 296 3143 nis
315 3077 464 3162 oooasio,
486 3084 519 3144 et
542 3077 635 3146 nobis
663 3081 762 3144 etiam
789 3099 888 3146 eausa
914 3080 1045 3158 mortis,
1071 3079 1101 3146 si
1126 3079 1170 3146 ad
1194 3079 1366 3146 eorrectio-

245 3205 319 3252 nem
335 3192 424 3253 tuam
442 3206 484 3253 ex
499 3184 598 3252 oflicii
614 3174 714 3254 nostri
731 3189 841 3256 debito
858 3209 921 3255 non
938 3209 996 3275 pro
1015 3188 1138 3255 viribus
1165 3186 1366 3272 laboramus,

245 3293 322 3378 quin
337 3293 445 3380 potius
463 3295 641 3381 perieulum
657 3301 799 3362 nostrum
825 3301 979 3378 tuamque
996 3295 1173 3382 pernieiem
1189 3296 1296 3362 uitare
1311 3313 1368 3361 vo·
1393 3335 1398 3344 ι

244 3402 359 3486 lentes,
376 3401 609 3470 celsitudinem
626 3403 763 3489 Regiam
780 3421 953 3487 rogamus,
969 3421 1136 3470 monemus
1153 3409 1186 3469 et
1200 3403 1369 3469 hortamur

132 3502 134 3506 ’
245 3509 280 3573 in
304 3507 462 3593 Domino,
489 3531 528 3576 ao
552 3512 584 3576 in
613 3513 837 3579 remissionem
853 3511 913 3578 tibi
928 3511 1125 3597 iniungimus
1150 3518 1368 3595 peecatorum,

248 3621 407 3698 quatenus
422 3617 578 3684 restituas
595 3621 666 3686 siue
682 3620 873 3687 difficultate
889 3621 1038 3704 qualibet
1053 3619 1102 3686 sio
1117 3618 1231 3686 ablata
1240 3667 1250 3702 ,
1278 3615 1368 3685 etde

246 3722 411 3806 pereeptis
426 3721 504 3788 inde
520 3724 677 3792 fruetibus
694 3733 727 3791 et
742 3727 845 3791 illatis
861 3728 1012 3813 dampnis
1029 3725 1219 3795 satislaoiau
1240 3743 1369 3812 uompe·

247 3833 372 3911 tenter;
388 3827 436 3894 ita
452 3827 537 3912 quod
554 3829 673 3898 exinde
688 3829 794 3899 Deum
809 3832 869 3898 tibi
884 3833 1057 3918 propitium
1075 3839 1223 3918 statuas,
1240 3851 1306 3898 non
1321 3831 1369 3898 of·

248 3936 396 4019 tensum,
413 3942 448 4000 ut
464 3954 535 4002 oum
550 3939 748 4005 uenerabilis
759 3939 868 4006 irater
882 3947 992 4006 noster
1009 3987 1015 4004 .
1033 3989 1041 4004 .
1060 3988 1068 4006 .
1086 3939 1276 4008 (lentiensis
1292 3939 1369 4025 Elpi-

248 4062 367 4132 suopus
383 4043 427 4110 ed
442 4064 503 4112 nos
520 4047 715 4130 uooesserit,
744 4048 799 4131 qui
816 4068 856 4114 ex
871 4055 965 4132 parte
981 4055 1038 4116 tua
1054 4049 1172 4116 dieitur
1189 4047 1232 4114 ad
1248 4047 1368 4116 Sedem
1406 4083 1408 4086 >

246 4153 471 4239 Apostolioam
488 4152 723 4238 destinendus,
749 4162 870 4239 quanto
886 4175 947 4223 nos
963 4163 996 4222 et
1012 4153 1131 4224 iratres
1146 4157 1250 4225 nostri
1265 4157 1307 4224 de
1324 4155 1370 4222 of·

248 4259 342 4328 leura
367 4259 528 4352 premissa
545 4279 656 4329 sumus
671 4264 806 4347 gravius
824 4263 1024 4346 oouturbati,
1049 4270 1141 4332 tunto
1167 4264 1209 4330 de
1235 4263 1368 4332 satista-

249 4367 356 4434 otione
372 4373 486 4436 seoutu
503 4369 673 4438 iooundius
688 4371 897 4455 gratulemur.
909 4371 1072 4455 Alioquin,
1086 4379 1370 4458 quantumounque

249 4476 393 4544 tenerius
408 4483 442 4544 to
458 4497 625 4562 amemus,
652 4480 807 4562 quianon
827 4485 876 4546 ost
890 4479 1100 4548 deferendum
1115 4481 1239 4548 homini
1255 4486 1370 4548 eontra

249 4587 374 4670 Deum,
390 4605 451 4654 neu
467 4587 629 4672 possimus
645 4595 768 4656 tantam
784 4587 848 4657 Dei
863 4588 1013 4656 iniuriam
1030 4589 1280 4658 uouniuentibus
1295 4608 1370 4656 ouu-
