3140 5044
147 453 358 520 minationem
374 469 452 520 ceco
469 449 681 519 multitudinis
698 455 731 516 et
746 449 971 528 exterminium
984 447 1128 516 heretice
1140 447 1264 520 falsita-

17 587 19 606 ν
148 561 202 647 tis,
218 559 269 626 a'd·
279 557 516 628 confirmandos
540 560 724 626 nutantium
735 559 864 628 animos
880 565 913 624 et
928 555 1069 624 fidelium
1086 556 1269 624 confortan-

112 665 124 744 “,
150 665 208 736 dou
224 669 258 736 in
273 669 346 736 luce
370 667 529 736 sermonis
546 676 579 736 et
594 668 790 736 rectitudine
814 668 933 754 operis,
958 663 1267 754 propositum'vobis

149 775 210 840 iter
225 776 297 844 sine
322 777 540 860 quorumlibet
570 776 752 844 offensione
777 777 923 843 curratis.
940 774 984 842 Ut
999 783 1107 842 autem
1125 774 1268 840 ministe-

102 975 108 984 ·
150 880 230 948 rium
256 891 400 950 vestrum
433 882 609 951 honoretur
634 885 764 971 plenius
780 892 813 950 et
827 884 1051 952 honorabilius
1076 883 1269 967 impleatur,

150 991 347 1082 presentium
363 990 457 1058 vobis
475 993 671 1061 auctoritate
683 993 901 1070 concedimus,
918 993 997 1059 utin
1014 991 1120 1074 terris,
1135 981 1269 1072 que‘ad·

150 1097 212 1162 buu
237 1096 332 1164 Sedis
356 1096 746 1185 Apostolicemagisterio
771 1120 835 1168 non
862 1099 1054 1182 intendunt,
1087 1115 1269 1184 proponere

17 1213 23 1232 '
149 1205 282 1272 verbum
300 1207 362 1274 Dei
379 1212 413 1272 ol
428 1208 610 1274 constitutis
626 1208 758 1292 ibidem,
774 1228 838 1276 uon
855 1208 1016 1288 obstante,
1034 1208 1062 1272 si
1078 1205 1181 1290 aliqui
1197 1209 1272 1270 sunt

151 1311 484 1382 excommunicatione
501 1315 614 1398 ligati,
639 1316 673 1383 in
688 1317 807 1402 verbis,
823 1317 930 1383 officio
942 1323 973 1382 et
989 1313 1074 1398 cibo,
1090 1332 1131 1378 ac
1147 1314 1179 1378 in
1197 1309 1271 1378 aliis

131 1459 133 1464 ·
152 1439 266 1488 secure
284 1424 542 1503 cummunicare,
574 1431 607 1489 et
622 1425 735 1509 ipsos,
766 1444 822 1492 seu
841 1426 939 1492 etiam
956 1424 1040 1489 alios
1065 1419 1210 1488 converti
1227 1417 1272 1483 ad

158 1530 314 1594 unitatem
331 1527 516 1595 Chuistiani
530 1527 606 1596 fidei
624 1532 790 1616 cupientes
806 1533 961 1616 recipcre,
978 1531 1148 1615 baptizare
1164 1533 1198 1592 et
1214 1546 1271 1612 ug-

152 1652 295 1719 gregarc
313 1633 391 1702 filiis
417 1637 566 1703 Ecclesie
582 1639 735 1716 valeatis,
751 1643 784 1702 et
799 1637 972 1722 presbiteri
989 1657 1031 1702 ex
1047 1634 1142 1702 vobis
1159 1634 1268 1700 buius-

154 1742 243 1808 modi
261 1749 464 1828 aggregatos
480 1743 609 1827 possint
618 1745 783 1827 insigucre
798 1762 967 1813 caractere
984 1743 1152 1826 clericali,
1177 1748 1209 1808 et
1225 1743 1271 1823 ip-

154 1869 209 1916 sos
225 1849 269 1918 ad
284 1850 465 1918 Acolitatus
482 1851 626 1918 ordinem
643 1872 843 1935 promovere.
861 1854 974 1918 Liceat
990 1853 1087 1936 etiam
1104 1847 1197 1916 vobis
1213 1847 1272 1913 ibi-

154 1959 227 2036 dem
243 1955 453 2024 redeuntibus
479 1959 523 2025 ad
539 1958 757 2026 obedientiam
784 1962 880 2028 Sedis
895 1959 1095 2045 Apostolice,
1130 1955 1184 2040 qui
1200 1963 1275 2021 sunt

156 2065 490 2152 excommunicatione
512 2065 629 2150 ligati,
654 2067 868 2136 absolutionis
895 2066 1087 2134 beneficium
1104 2066 1194 2130 iuxta
1211 2062 1274 2130 sor·

155 2193 241 2238 maru
266 2172 415 2239 Ecclesia
440 2172 619 2258 impertiri,
644 2181 677 2240 et
701 2195 854 2262 supereo
872 2177 1155 2261 dispensarecum
1181 2169 1272 2255 ipsis,

156 2280 210 2362 qui
226 2299 337 2360 sacros
352 2289 545 2366 receperunt
560 2281 734 2349 ordineset
744 2283 866 2350 Divina
882 2284 1088 2350 celebrarunt
1099 2278 1208 2346 officia
1225 2279 1273 2342 sic

155 2385 258 2472 ligati.
275 2389 345 2454 Hoc
362 2389 467 2472 ip‘sum
485 2389 575 2455 vobis
592 2391 635 2456 sit
647 2389 769 2457 licitum
786 2392 873 2457 cirea
888 2375 1123 2458 illosdeierrir
1140 2385 1274 2468 eisdem,

156 2495 211 2578 qui
228 2495 427 2581 temporibus
452 2496 616 2582 indebitis,
642 2500 695 2564 vel
711 2499 796 2566 infra
807 2507 927 2566 elatem
944 2499 1206 2584 legitimampaut
1222 2492 1276 2575 qui

156 2609 268 2670 'omnes
285 2603 399 2670 eadem
416 2604 479 2687 die,
496 2605 548 2686 rel
564 2603 620 2688 qui
636 2605 822 2690 superiores
832 2604 1050 2690 pretermissis
1067 2583 1276 2676 inferioribus

133 2701 136 2710 '
156 2710 306 2806 conferre
321 2731 380 2777 seu
396 2713 544 2796 recipere
555 2696 685 2778 ordines
696 2719 974 2798 presumpserunt,
999 2711 1027 2774 si
1043 2717 1152 2774 tamen
1170 2705 1277 2772 iuhoc

157 2815 289 2885 servata
312 2819 418 2884 forma
442 2819 518 2884 talis
544 2819 706 2901 extiterit,
729 2837 788 2903 per
804 2837 902 2901 quam
919 2815 1049 2882 ordines
1065 2815 1299 2906 recepisseute¹

157 2925 259 2992 Vobis
274 2931 427 3010 preterea
443 2924 636 3008 dispensare
652 2926 770 3009 liceat,
793 2933 829 2992 ut
846 2925 894 2991 illi
905 2944 945 2990 ex
962 2922 1150 2988 nationibus
1168 2900 1276 3013 cestre
1298 2913 1329 2977 ‘w

159 3033 376 3119 'predicationi
393 3031 571 3114 comisssis,
587 3034 642 3120 pui
658 3041 733 3117 post
748 3029 990 3117 susceptionem
1007 3011 1273 3095 sacrorum⁸ordi

158 3159 245 3222 num,
264 3140 316 3205 vel
327 3139 484 3224 gradibus
502 3147 534 3208 et
550 3143 681 3208 casibus
697 3165 718 3208 a
734 3140 855 3208 Divina
872 3140 1005 3206 minime
1020 3137 1095 3220 lege
1104 3133 1275 3218 prohibitis

55 3303 58 3308 ,
159 3249 370 3336 matrimonia
383 3255 622 3332 contraxerunt,
640 3256 831 3316 remaneant
840 3248 874 3314 in
885 3247 1022 3330 eisdem,
1039 3252 1073 3310 ct
1084 3243 1140 3326 bii,
1159 3240 1214 3323 qui
1230 3237 1276 3347 ad

38 3387 43 3394 ·
160 3353 309 3421 Ecclesie
325 3355 492 3422 Catholice
507 3357 660 3424 redierint
685 3357 853 3438 unitatem,
870 3363 904 3450 ut
921 3357 1004 3422 inter
1021 3371 1099 3420 suos
1118 3349 1277 3446 habitent,
1316 3347 1319 3354 ’

160 3461 274 3545 eisque
293 3463 554 3548 communicent,
581 3481 706 3528 necnon
732 3445 1037 3536 clerici'natieuur'n
1064 3459 1205 3543 ipsarum
1221 3472 1277 3539 pu-

165 3569 250 3634 blice
266 3571 309 3654 ad
334 3569 553 3636 obedientiam
580 3569 676 3635 Sedis
702 3571 892 3656 Apostolicc
908 3567 1084 3634 redeuntes
1112 3562 1281 3650 gaudeant

163 3675 334 3760 privilegio
360 3677 515 3743 clericali.
534 3678 585 3744 Sit
601 3677 699 3742 etiam
727 3663 821 3744 vobis
837 3676 963 3742 licitum
979 3663 1120 3741 omnium
1135 3669 1280 3736 fidelium

162 3784 196 3848 iu
212 3786 307 3852 terris
322 3785 478 3871 predictis
495 3786 718 3854 consessiones
744 3784 867 3861 audire,
886 3804 926 3851 ac
942 3784 1022 3868 ipsis
1040 3781 1208 3864 iniungere
1225 3795 1279 3864 pe-

162 3891 316 3960 nitentias
332 3895 506 3979 salutares,
518 3899 551 3960 ct
569 3894 895 3959 excommunicatura
906 3909 1032 3959 canone
1043 3890 1095 3964 vel
1107 3888 1172 3955 alio
1183 3884 1279 3952 modo

163 3997 254 4066 iuxta
270 3999 406 4066 formam
423 4001 571 4068 Ecclesie
587 3985 760 4078 alsolvere,
777 3997 948 4067 dummodo
960 3997 1110 4064 iniuriam
1119 3988 1156 4060 et'
1169 3993 1281 4078 damp-

164 4130 208 4177 na
224 4109 334 4193 passis
351 4107 560 4175 satisfaciant
577 4115 806 4192 competenter.
824 4107 903 4174 Cum
920 4104 1154 4190 irregularibus
1171 4107 1280 4167 autem

163 4218 302 4303 partium
329 4235 440 4284 earum
465 4213 512 4302 (in
538 4213 617 4301 illis)
644 4215 775 4284 casibus
787 4265 796 4298 ,
828 4217 863 4282 in
889 4215 1006 4298 quibus
1032 4212 1139 4279 solent
1163 4195 1281 4290 Legati

164 4325 261 4394 Sedis
277 4325 468 4411 Apostolioe
492 4321 704 4408 dispensare,
723 4342 763 4390 ao
789 4311 887 4390 etiam
906 4342 978 4388 cum
995 4318 1124 4386 clericis
1138 4315 1282 4401 ipsarum

162 4437 303 4521 partium
320 4431 518 4519 patientibus
534 4430 696 4499 deiectum
707 4431 876 4513 natalium,
894 4426 1069 4496 dummodo
1084 4423 1224 4492 noneint
1239 4419 1281 4487 de

162 4542 323 4612 adulterio
339 4543 392 4607 vel
409 4543 534 4608 incestu
560 4547 617 4607 aut
633 4538 674 4607 de
690 4538 897 4626 regularibus
912 4531 1098 4625 procreati,
1129 4529 1172 4596 sit
1187 4527 1281 4595 vobis
