3140 5044
762 277 904 378 gm-

272 475 394 541 Datum
425 473 558 543 Posonii
582 473 616 540 in
641 475 767 542 octavis
798 469 1041 540 Purificacionis
1071 467 1221 538 Glorioso
1253 467 1396 554 Virginis

273 601 360 652 enno
376 583 488 669 grume
503 580 702 650 ls⁰oc⁰xt⁰
716 601 813 649 nono.

274 775 530 850 (1V.Btlakirtly
550 775 662 834 labeki
673 775 893 848 nalybanbagyo
907 771 1118 846 okntnytbtl,
1138 773 1209 828 mint
1227 769 1313 828 anob
1335 770 1398 827 153.

273 886 316 928 ιι.
326 865 721 942 a.,melylV.1sasaltkiraly
731 864 802 926 tlual
814 867 892 926 1279.
905 867 936 922 es
949 881 1027 938 napy
1036 863 1123 935 Lajos
1133 859 1230 934 kirtly
1243 858 1399 916 elautus.

321 961 494 1040 erbsittetett
515 975 590 1031 mog,
604 957 705 1016 Bsrtel
718 953 797 1026 utto,
809 956 846 1012 io.
858 975 895 1012 m.
905 955 940 1012 lt
949 957 1010 1012 lot.
1024 954 1105 1026 itlgg.
1116 950 1194 1008 XIII.
1208 951 1228 1008 l.
1240 949 1351 1020 Cum).

780 1185 844 1194 --...
853 1181 966 1194 .-q-—-

810 1631 887 1699 134.

279 1811 311 1880 Δ
322 1815 413 1904 poesi
427 1813 586 1903 ltdptulcn
612 1811 777 1896 Μιαιιάιί
801 1810 911 1876 todo
936 1807 1143 1878 elintcceatrbt
1158 1817 1220 1873 taso
1234 1805 1394 1893 bicorpori-

750 1928 812 2003 9ct.
830 1917 929 1992 1249.
1112 1925 1115 1930 '

391 2097 573 2166 Farkasius
594 2092 783 2182 Propositus
817 2093 1200 2178 Quinque-Ecclesiensis
1236 2097 1401 2174 totumque

283 2201 428 2270 eiusdem
443 2203 507 2270 loci
535 2202 723 2286 Capitulum
755 2200 903 2268 omnibus
936 2200 1057 2268 Obristi
1090 2199 1239 2267 fidelibus
1263 2217 1401 2286 presens

283 2311 443 2395 scriptum
473 2311 682 2378 cernentibus
707 2308 845 2376 salntem
862 2309 895 2374 in
911 2309 1052 2378 Domino
1078 2307 1158 2376 Jesu
1181 2307 1332 2377 cbristo·
1349 2303 1402 2373 lo

281 2403 504 2485 uniuersorum
520 2418 680 2512 ,noticiam
705 2417 820 2482 barum
846 2415 931 2484 serie
951 2415 1099 2484 uolumus
1114 2417 1296 2503 pervenire,
1311 2411 1398 2500 quod

281 2525 367 2593 Joan
383 2523 541 2592 Faberio
557 2534 670 2592 nostra
693 2523 869 2610 presencia
884 2523 1080 2592 constitutus
1096 2525 1267 2593 confessus
1283 2531 1343 2607 est,
1366 2543 1402 2590 se

281 2631 493 2701 renunciasse
508 2639 541 2699 et
557 2633 698 2701 cessisse
722 2633 904 2700 voluntarie
921 2632 1008 2699 omni
1025 2630 1186 2715 questioni
1202 2651 1260 2699 seu
1276 2631 1402 2697 accioni

282 2759 380 2825 quam
396 2747 512 2808 contra
527 2741 748 2809 venerabilem
765 2741 869 2808 virum
885 2741 1095 2809 Salomonem
1111 2740 1272 2808 abbatem
1289 2739 1403 2808 Sancti

283 2848 415 2916 blartini
430 2867 529 2935 super
545 2847 633 2918 iacto
643 2847 804 2934 quondam
822 2849 932 2916 uxoris
948 2869 1018 2933 sue,
1035 2850 1156 2916 sororis
1174 2843 1321 2916 eiusdem
1337 2847 1403 2914 Ab·

284 2957 373 3023 batis
403 2955 582 3042 habuerat,
618 2957 672 3024 vel
696 2956 774 3023 olim
798 2975 940 3042 unquam
967 2956 1121 3025 babuisse
1146 2956 1326 3041 potuisset,
1357 2955 1405 3020 ita

280 3057 372 3148 'quod
386 3063 474 3129 nullo
491 3081 635 3146 unquam
644 3068 789 3150 tempore
805 3069 1019 3148 memoratum
1029 3063 1193 3132 Abbatem
1203 3081 1301 3149 nuper
1316 3062 1404 3129 lecto

283 3170 447 3239 antedicto
472 3170 602 3237 domine
620 3174 740 3239 sororis
756 3173 836 3256 eiua,
853 3181 910 3240 aut
927 3174 1033 3258 ipsam
1044 3171 1208 3238 dominam
1223 3170 1338 3253 aliqua
1354 3187 1406 3234 ra-

286 3278 382 3345 cione
407 3279 526 3365 poterit
542 3279 698 3363 impetere
716 3282 769 3347 uel
785 3281 993 3364 aliquatenus
1009 3281 1203 3363 molestare,
1232 3277 1407 3362 presertim

284 3386 460 3454 cumidem
479 3387 564 3454 Joan
577 3389 818 3473 -recognouerit
833 3407 941 3455 coram
956 3385 1063 3471 nobis,
1082 3384 1283 3473 sepedictam
1301 3383 1405 3451 domi·

283 3515 360 3561 nam
376 3495 410 3560 in
420 3499 537 3560 tenera
549 3493 657 3561 adbuc
668 3495 954 3582 ctatcparcutibus
965 3495 1261 3578 inalialonginqua
1273 3491 1409 3559 Diocesi

287 3603 473 3668 constitutis
496 3603 593 3668 alteri
610 3603 716 3670 eciam
732 3604 802 3670 uiro
819 3603 921 3670 fuisse
937 3603 1152 3686 subarratam,
1168 3606 1302 3687 propter
1318 3599 1407 3683 quod

284 3708 441 3792 precipue
455 3696 567 3776 contm
585 3709 724 3776 salntem
740 3708 846 3776 auimo
861 3729 921 3802 ¹sue
937 3731 1010 3777 eam
1032 3710 1153 3792 noluit,
1176 3707 1258 3775 sicut
1276 3727 1337 3774 uec
1352 3705 1410 3773 dc-

285 3814 371 3898 buit,
391 3813 561 3884 rcbabere.
588 3818 629 3883 Et
645 3837 705 3885 nos
721 3819 911 3886 assertione
926 3817 1113 3886 huiusmodi
1130 3816 1300 3882 intellecta
1309 3867 1319 3900 ,
1335 3823 1370 3882 at
1387 3836 1411 3881 a

286 3921 435 4005 partibus
452 3921 627 4007 diligenter
641 3925 798 4010 inquisita
813 3925 877 4011 ipsi
893 3925 979 3992 Joan
995 3925 1191 3992 auctoritato
1207 3922 1330 3990 domini
1350 3942 1409 3989 no·

287 4029 347 4096 stri
365 4028 541 4115 Episcopi,
565 4049 629 4114 qua
646 4031 809 4116 fungimur
817 4034 851 4100 in
861 4033 924 4100 hac
937 4037 1040 4118 parte,
1055 4032 1226 4099 licenciam
1239 4029 1414 4097 tribuimus

286 4135 500 4203 contrahendi
517 4154 588 4202 cum
605 4139 682 4222 alia,
700 4142 728 4207 si
745 4160 802 4208 sue
818 4139 979 4227 placuerit
995 4139 1175 4222 voluntati,
1199 4137 1415 4205 nibilominus
1503 4143 1506 4146 ’

285 4241 391 4310 eciam
407 4243 499 4310 illam
514 4245 593 4327 uiro,
610 4245 662 4311 cui
678 4248 767 4333 prius
783 4249 890 4316 fuerat
899 4249 1112 4332 desponsata,
1129 4247 1336 4332 permisimus
1355 4265 1412 4311 co-

285 4351 403 4436 pulari.
421 4350 464 4418 tlt
479 4369 521 4418 ue
538 4371 637 4438 super
651 4355 714 4422 hoc
730 4357 843 4439 aliqua
857 4358 1070 4442 imposterum
1081 4354 1187 4440 possit
1203 4353 1280 4420 oriri
1296 4351 1416 4420 dubie—

235 4538 251 4544 ,
285 4467 348 4541 tas,
372 4465 542 4544 presentes
560 4461 674 4534 literas
690 4467 913 4532 concessimus
930 4463 1033 4548 sigilli
1048 4463 1149 4530 nostri
1164 4459 1340 4528 munimine
1356 4480 1415 4528 ro-

286 4564 556 4638 persuasorum
565 4567 1421 4656 annograciebl⁰OG⁰X12⁰nono,menseblurtio.Jur·
