<?xml version="1.0" encoding="UTF-8"?>
<!DOCTYPE html PUBLIC "-//W3C//DTD XHTML 1.0 Transitional//EN"
    "http://www.w3.org/TR/xhtml1/DTD/xhtml1-transitional.dtd">
<html xmlns="http://www.w3.org/1999/xhtml" xml:lang="en" lang="en">
 <head>
  <title>
</title>
<meta http-equiv="Content-Type" content="text/html;charset=utf-8" />
  <meta name='ocr-system' content='tesseract 3.04.00' />
  <meta name='ocr-capabilities' content='ocr_page ocr_carea ocr_par ocr_line ocrx_word'/>
</head>
<body>
  <div class='ocr_page' id='page_1' title='image "./codexdiplomatic11wenzgoog_0155.png"; bbox 0 0 3154 5030; ppageno 0'>
   <div class='ocr_carea' id='block_1_1' title="bbox 386 963 1396 1162">
    <p class='ocr_par' dir='ltr' id='par_1_1' title="bbox 386 963 1396 1162">
     <span class='ocr_line' id='line_1_1' title="bbox 386 963 1396 1058; baseline 0 -26"><span class='ocrx_word' id='word_1_1' title='bbox 386 965 447 1034; x_wconf 72' lang='lat'><strong>11⁷.</strong></span> <span class='ocrx_word' id='word_1_2' title='bbox 464 965 548 1034; x_wconf 71' lang='lat' dir='ltr'><strong>Bet:</strong></span> <span class='ocrx_word' id='word_1_3' title='bbox 562 986 696 1052; x_wconf 72' lang='lat' dir='ltr'><strong>mappas</strong></span> <span class='ocrx_word' id='word_1_4' title='bbox 710 963 818 1052; x_wconf 71' lang='lat' dir='ltr'><strong>hircily</strong></span> <span class='ocrx_word' id='word_1_5' title='bbox 832 965 998 1032; x_wconf 80' lang='lat' dir='ltr'><strong>Korrrddot</strong></span> <span class='ocrx_word' id='word_1_6' title='bbox 1011 967 1110 1032; x_wconf 76' lang='lat' dir='ltr'><strong>adoret</strong></span> <span class='ocrx_word' id='word_1_7' title='bbox 1124 967 1245 1058; x_wconf 62' lang='lat' dir='ltr'><strong>circus</strong></span> <span class='ocrx_word' id='word_1_8' title='bbox 1259 991 1281 1032; x_wconf 85' lang='grc' dir='ltr'><em>α</em></span> <span class='ocrx_word' id='word_1_9' title='bbox 1294 967 1396 1056; x_wconf 69' lang='lat' dir='ltr'><strong>scopo!</strong></span> 
     </span>
     <span class='ocr_line' id='line_1_2' title="bbox 589 1067 1190 1162; baseline 0.008 -26"><span class='ocrx_word' id='word_1_10' title='bbox 589 1067 705 1158; x_wconf 77' lang='lat' dir='ltr'><strong>(latdr)</strong></span> <span class='ocrx_word' id='word_1_11' title='bbox 721 1071 888 1160; x_wconf 77' lang='lat' dir='ltr'><strong>ccszdlyrdl</strong></span> <span class='ocrx_word' id='word_1_12' title='bbox 904 1073 1069 1162; x_wconf 79' lang='lat' dir='ltr'><strong>toddritjo.</strong></span> <span class='ocrx_word' id='word_1_13' title='bbox 1091 1076 1190 1142; x_wconf 74' lang='lat'><em>1241.</em></span> 
     </span>
    </p>
   </div>
   <div class='ocr_carea' id='block_1_2' title="bbox 319 1249 1452 4682">
    <p class='ocr_par' dir='ltr' id='par_1_2' title="bbox 319 1249 1452 4682">
     <span class='ocr_line' id='line_1_3' title="bbox 438 1249 1452 1342; baseline 0.002 -22"><span class='ocrx_word' id='word_1_14' title='bbox 438 1251 587 1321; x_wconf 81' lang='lat' dir='ltr'><strong>Glorioso</strong></span> <span class='ocrx_word' id='word_1_15' title='bbox 612 1249 742 1320; x_wconf 89' lang='lat' dir='ltr'><strong>domino</strong></span> <span class='ocrx_word' id='word_1_16' title='bbox 754 1251 913 1320; x_wconf 49' lang='lat' dir='ltr'><strong>*Conrado</strong></span> <span class='ocrx_word' id='word_1_17' title='bbox 929 1254 992 1320; x_wconf 89' lang='lat' dir='ltr'><strong>Dei</strong></span> <span class='ocrx_word' id='word_1_18' title='bbox 1007 1255 1121 1339; x_wconf 85' lang='lat' dir='ltr'><strong>gracia</strong></span> <span class='ocrx_word' id='word_1_19' title='bbox 1136 1253 1263 1322; x_wconf 79' lang='lat' dir='ltr'><strong>illustri</strong></span> <span class='ocrx_word' id='word_1_20' title='bbox 1277 1255 1360 1342; x_wconf 88' lang='lat' dir='ltr'><strong>llcgi</strong></span> <span class='ocrx_word' id='word_1_21' title='bbox 1375 1255 1452 1323; x_wconf 77' lang='lat' dir='ltr'><strong>Ale</strong></span> 
     </span>
     <span class='ocr_line' id='line_1_4' title="bbox 328 1357 1451 1450; baseline 0.005 -24"><span class='ocrx_word' id='word_1_22' title='bbox 328 1359 460 1426; x_wconf 89' lang='lat' dir='ltr'><strong>mannie</strong></span> <span class='ocrx_word' id='word_1_23' title='bbox 483 1358 565 1428; x_wconf 85' lang='lat' dir='ltr'><strong>Bela</strong></span> <span class='ocrx_word' id='word_1_24' title='bbox 589 1379 649 1446; x_wconf 88' lang='lat' dir='ltr'><strong>per</strong></span> <span class='ocrx_word' id='word_1_25' title='bbox 673 1357 811 1427; x_wconf 84' lang='lat' dir='ltr'><strong>eandem</strong></span> <span class='ocrx_word' id='word_1_26' title='bbox 836 1361 906 1427; x_wconf 88' lang='lat' dir='ltr'><strong>Rex</strong></span> <span class='ocrx_word' id='word_1_27' title='bbox 932 1360 1078 1448; x_wconf 85' lang='lat' dir='ltr'><strong>Ungaris</strong></span> <span class='ocrx_word' id='word_1_28' title='bbox 1092 1364 1233 1430; x_wconf 89' lang='lat' dir='ltr'><strong>salutem</strong></span> <span class='ocrx_word' id='word_1_29' title='bbox 1248 1371 1282 1430; x_wconf 92' lang='lat' dir='ltr'><strong>et</strong></span> <span class='ocrx_word' id='word_1_30' title='bbox 1295 1371 1451 1450; x_wconf 79' lang='lat' dir='ltr'><strong>paratam</strong></span> 
     </span>
     <span class='ocr_line' id='line_1_5' title="bbox 328 1465 1451 1552; baseline 0.003 -18"><span class='ocrx_word' id='word_1_31' title='bbox 328 1467 372 1534; x_wconf 80' lang='lat' dir='ltr'><strong>ad</strong></span> <span class='ocrx_word' id='word_1_32' title='bbox 397 1465 467 1532; x_wconf 91' lang='lat' dir='ltr'><strong>eius</strong></span> <span class='ocrx_word' id='word_1_33' title='bbox 490 1467 700 1552; x_wconf 87' lang='lat' dir='ltr'><strong>beneplacita</strong></span> <span class='ocrx_word' id='word_1_34' title='bbox 723 1467 933 1537; x_wconf 72' lang='lat' dir='ltr'><strong>voluntatem.</strong></span> <span class='ocrx_word' id='word_1_35' title='bbox 964 1467 1197 1536; x_wconf 83' lang='lat' dir='ltr'><strong>limaritndinis</strong></span> <span class='ocrx_word' id='word_1_36' title='bbox 1213 1478 1246 1538; x_wconf 89' lang='lat' dir='ltr'><strong>et</strong></span> <span class='ocrx_word' id='word_1_37' title='bbox 1261 1469 1382 1538; x_wconf 89' lang='lat' dir='ltr'><strong>doloris</strong></span> <span class='ocrx_word' id='word_1_38' title='bbox 1407 1491 1451 1537; x_wconf 86' lang='lat' dir='ltr'><strong>ex</strong></span> 
     </span>
     <span class='ocr_line' id='line_1_6' title="bbox 329 1571 1450 1665; baseline 0.002 -23"><span class='ocrx_word' id='word_1_39' title='bbox 329 1571 442 1642; x_wconf 89' lang='lat' dir='ltr'><strong>intimo</strong></span> <span class='ocrx_word' id='word_1_40' title='bbox 467 1574 564 1644; x_wconf 90' lang='lat' dir='ltr'><strong>corde</strong></span> <span class='ocrx_word' id='word_1_41' title='bbox 588 1577 733 1660; x_wconf 80' lang='lat' dir='ltr'><strong>cogimur</strong></span> <span class='ocrx_word' id='word_1_42' title='bbox 756 1577 838 1645; x_wconf 90' lang='lat' dir='ltr'><strong>inire</strong></span> <span class='ocrx_word' id='word_1_43' title='bbox 862 1579 1006 1644; x_wconf 88' lang='lat' dir='ltr'><strong>lamenta</strong></span> <span class='ocrx_word' id='word_1_44' title='bbox 1030 1585 1064 1646; x_wconf 92' lang='lat' dir='ltr'><strong>et</strong></span> <span class='ocrx_word' id='word_1_45' title='bbox 1089 1583 1278 1646; x_wconf 83' lang='lat' dir='ltr'><strong>convertere</strong></span> <span class='ocrx_word' id='word_1_46' title='bbox 1293 1578 1450 1665; x_wconf 90' lang='lat' dir='ltr'><strong>gaudium</strong></span> 
     </span>
     <span class='ocr_line' id='line_1_7' title="bbox 329 1683 1451 1755; baseline 0.005 -7"><span class='ocrx_word' id='word_1_47' title='bbox 329 1687 473 1752; x_wconf 87' lang='lat' dir='ltr'><strong>nostrum</strong></span> <span class='ocrx_word' id='word_1_48' title='bbox 499 1683 532 1752; x_wconf 89' lang='lat' dir='ltr'><strong>in</strong></span> <span class='ocrx_word' id='word_1_49' title='bbox 556 1685 747 1751; x_wconf 86' lang='lat' dir='ltr'><strong>tristriciam</strong></span> <span class='ocrx_word' id='word_1_50' title='bbox 772 1693 805 1752; x_wconf 88' lang='lat' dir='ltr'><strong>et</strong></span> <span class='ocrx_word' id='word_1_51' title='bbox 829 1705 987 1753; x_wconf 84' lang='lat' dir='ltr'>merorem</span> <span class='ocrx_word' id='word_1_52' title='bbox 1004 1705 1045 1752; x_wconf 91' lang='lat' dir='ltr'><strong>ex</strong></span> <span class='ocrx_word' id='word_1_53' title='bbox 1061 1686 1206 1755; x_wconf 87' lang='lat' dir='ltr'><strong>inlsuslo</strong></span> <span class='ocrx_word' id='word_1_54' title='bbox 1225 1688 1327 1755; x_wconf 89' lang='lat' dir='ltr'><strong>nostri</strong></span> <span class='ocrx_word' id='word_1_55' title='bbox 1352 1705 1451 1754; x_wconf 82' lang='lat' dir='ltr'><strong>casus</strong></span> 
     </span>
     <span class='ocr_line' id='line_1_8' title="bbox 328 1791 1451 1880; baseline 0.001 -21"><span class='ocrx_word' id='word_1_56' title='bbox 328 1799 447 1860; x_wconf 82' lang='lat' dir='ltr'><strong>eventu</strong></span> <span class='ocrx_word' id='word_1_57' title='bbox 462 1791 714 1862; x_wconf 69' lang='lat' dir='ltr'><strong>christianitatis</strong></span> <span class='ocrx_word' id='word_1_58' title='bbox 731 1793 892 1860; x_wconf 77' lang='lat' dir='ltr'><strong>excidium</strong></span> <span class='ocrx_word' id='word_1_59' title='bbox 908 1794 1128 1879; x_wconf 89' lang='lat' dir='ltr'><strong>trepidantes,</strong></span> <span class='ocrx_word' id='word_1_60' title='bbox 1152 1795 1230 1862; x_wconf 90' lang='lat' dir='ltr'><strong>dum</strong></span> <span class='ocrx_word' id='word_1_61' title='bbox 1245 1795 1451 1880; x_wconf 83' lang='lat' dir='ltr'><strong>redemptore</strong></span> 
     </span>
     <span class='ocr_line' id='line_1_9' title="bbox 327 1901 1451 1988; baseline 0.004 -24"><span class='ocrx_word' id='word_1_62' title='bbox 327 1907 439 1968; x_wconf 83' lang='lat' dir='ltr'><strong>nestro</strong></span> <span class='ocrx_word' id='word_1_63' title='bbox 448 1947 458 1986; x_wconf 86' lang='lat'><strong>,</strong></span> <span class='ocrx_word' id='word_1_64' title='bbox 475 1903 627 1988; x_wconf 79' lang='lat' dir='ltr'><strong>exigente</strong></span> <span class='ocrx_word' id='word_1_65' title='bbox 644 1901 775 1970; x_wconf 87' lang='lat' dir='ltr'><strong>malicia</strong></span> <span class='ocrx_word' id='word_1_66' title='bbox 791 1903 946 1987; x_wconf 92' lang='lat' dir='ltr'><strong>temporis</strong></span> <span class='ocrx_word' id='word_1_67' title='bbox 963 1909 995 1968; x_wconf 91' lang='lat' dir='ltr'><strong>et</strong></span> <span class='ocrx_word' id='word_1_68' title='bbox 1011 1902 1223 1970; x_wconf 86' lang='lat' dir='ltr'><strong>habundante</strong></span> <span class='ocrx_word' id='word_1_69' title='bbox 1237 1901 1385 1986; x_wconf 80' lang='lat' dir='ltr'><strong>nequitia</strong></span> <span class='ocrx_word' id='word_1_70' title='bbox 1401 1904 1451 1968; x_wconf 90' lang='lat' dir='ltr'><strong>nl-</strong></span> 
     </span>
     <span class='ocr_line' id='line_1_10' title="bbox 325 2007 1450 2098; baseline -0.001 -23"><span class='ocrx_word' id='word_1_71' title='bbox 325 2017 377 2076; x_wconf 88' lang='lat' dir='ltr'><strong>tra</strong></span> <span class='ocrx_word' id='word_1_72' title='bbox 402 2009 533 2076; x_wconf 90' lang='lat' dir='ltr'><strong>modum</strong></span> <span class='ocrx_word' id='word_1_73' title='bbox 558 2017 732 2097; x_wconf 86' lang='lat' dir='ltr'><strong>soporato,</strong></span> <span class='ocrx_word' id='word_1_74' title='bbox 757 2029 861 2095; x_wconf 84' lang='lat' dir='ltr'><strong>usque</strong></span> <span class='ocrx_word' id='word_1_75' title='bbox 883 2011 967 2078; x_wconf 86' lang='lat' dir='ltr'><strong>adeo</strong></span> <span class='ocrx_word' id='word_1_76' title='bbox 984 2019 1163 2098; x_wconf 87' lang='lat' dir='ltr'><strong>tempestas</strong></span> <span class='ocrx_word' id='word_1_77' title='bbox 1179 2011 1336 2096; x_wconf 76' lang='lat' dir='ltr'><strong>insurgit,</strong></span> <span class='ocrx_word' id='word_1_78' title='bbox 1363 2007 1450 2092; x_wconf 85' lang='lat' dir='ltr'><strong>qued</strong></span> 
     </span>
     <span class='ocr_line' id='line_1_11' title="bbox 326 2115 1449 2206; baseline -0.002 -23"><span class='ocrx_word' id='word_1_79' title='bbox 326 2115 392 2183; x_wconf 86' lang='lat' dir='ltr'><strong>iam</strong></span> <span class='ocrx_word' id='word_1_80' title='bbox 417 2137 482 2184; x_wconf 91' lang='lat' dir='ltr'><strong>non</strong></span> <span class='ocrx_word' id='word_1_81' title='bbox 508 2117 613 2186; x_wconf 88' lang='lat' dir='ltr'><strong>solum</strong></span> <span class='ocrx_word' id='word_1_82' title='bbox 638 2119 757 2206; x_wconf 75' lang='lat' dir='ltr'><strong>agitari</strong></span> <span class='ocrx_word' id='word_1_83' title='bbox 781 2115 933 2185; x_wconf 86' lang='lat' dir='ltr'><strong>ductibus</strong></span> <span class='ocrx_word' id='word_1_84' title='bbox 958 2117 1110 2186; x_wconf 87' lang='lat' dir='ltr'><strong>videatur</strong></span> <span class='ocrx_word' id='word_1_85' title='bbox 1133 2115 1276 2182; x_wconf 59' lang='lat' dir='ltr'><strong>fidelium</strong></span> <span class='ocrx_word' id='word_1_86' title='bbox 1291 2116 1449 2182; x_wconf 70' lang='lat' dir='ltr'><strong>uaricula</strong></span> 
     </span>
     <span class='ocr_line' id='line_1_12' title="bbox 327 2223 1449 2313; baseline -0.003 -23"><span class='ocrx_word' id='word_1_87' title='bbox 327 2223 388 2290; x_wconf 88' lang='lat' dir='ltr'><strong>sed</strong></span> <span class='ocrx_word' id='word_1_88' title='bbox 403 2225 585 2313; x_wconf 88' lang='lat' dir='ltr'><strong>submergi,</strong></span> <span class='ocrx_word' id='word_1_89' title='bbox 612 2227 675 2294; x_wconf 88' lang='lat' dir='ltr'><strong>nisi</strong></span> <span class='ocrx_word' id='word_1_90' title='bbox 692 2226 887 2296; x_wconf 83' lang='lat' dir='ltr'><strong>clamoribus</strong></span> <span class='ocrx_word' id='word_1_91' title='bbox 904 2235 936 2293; x_wconf 91' lang='lat' dir='ltr'><strong>et</strong></span> <span class='ocrx_word' id='word_1_92' title='bbox 951 2225 1088 2294; x_wconf 76' lang='lat' dir='ltr'><strong>uocibus</strong></span> <span class='ocrx_word' id='word_1_93' title='bbox 1103 2225 1341 2310; x_wconf 84' lang='lat' dir='ltr'><strong>querulantium</strong></span> <span class='ocrx_word' id='word_1_94' title='bbox 1358 2223 1449 2290; x_wconf 85' lang='lat' dir='ltr'><strong>exci-</strong></span> 
     </span>
     <span class='ocr_line' id='line_1_13' title="bbox 324 2329 1450 2420; baseline 0 -22"><span class='ocrx_word' id='word_1_95' title='bbox 324 2335 415 2398; x_wconf 89' lang='lat' dir='ltr'><strong>tatus</strong></span> <span class='ocrx_word' id='word_1_96' title='bbox 430 2329 590 2402; x_wconf 90' lang='lat' dir='ltr'><strong>Dominus</strong></span> <span class='ocrx_word' id='word_1_97' title='bbox 614 2335 736 2420; x_wconf 87' lang='lat' dir='ltr'><strong>populo</strong></span> <span class='ocrx_word' id='word_1_98' title='bbox 751 2333 951 2420; x_wconf 75' lang='lat' dir='ltr'><strong>periclitanti</strong></span> <span class='ocrx_word' id='word_1_99' title='bbox 966 2333 1105 2417; x_wconf 89' lang='lat' dir='ltr'><strong>longiori</strong></span> <span class='ocrx_word' id='word_1_100' title='bbox 1121 2333 1198 2400; x_wconf 91' lang='lat' dir='ltr'><strong>licet</strong></span> <span class='ocrx_word' id='word_1_101' title='bbox 1214 2351 1306 2398; x_wconf 88' lang='lat' dir='ltr'><strong>mora</strong></span> <span class='ocrx_word' id='word_1_102' title='bbox 1319 2339 1450 2417; x_wconf 85' lang='lat' dir='ltr'><strong>protra-</strong></span> 
     </span>
     <span class='ocr_line' id='line_1_14' title="bbox 327 2437 1450 2528; baseline 0.001 -24"><span class='ocrx_word' id='word_1_103' title='bbox 327 2445 382 2506; x_wconf 87' lang='lat' dir='ltr'><strong>cta</strong></span> <span class='ocrx_word' id='word_1_104' title='bbox 397 2437 578 2510; x_wconf 80' lang='lat' dir='ltr'><strong>subveniat.</strong></span> <span class='ocrx_word' id='word_1_105' title='bbox 610 2443 695 2510; x_wconf 82' lang='lat' dir='ltr'><strong>Nam</strong></span> <span class='ocrx_word' id='word_1_106' title='bbox 711 2443 795 2528; x_wconf 90' lang='lat' dir='ltr'><strong>ipsc,</strong></span> <span class='ocrx_word' id='word_1_107' title='bbox 813 2443 905 2510; x_wconf 90' lang='lat' dir='ltr'><strong>cuius</strong></span> <span class='ocrx_word' id='word_1_108' title='bbox 922 2449 1001 2508; x_wconf 90' lang='lat' dir='ltr'><strong>nutu</strong></span> <span class='ocrx_word' id='word_1_109' title='bbox 1017 2441 1145 2526; x_wconf 87' lang='lat' dir='ltr'><strong>singula</strong></span> <span class='ocrx_word' id='word_1_110' title='bbox 1162 2437 1357 2525; x_wconf 89' lang='lat' dir='ltr'><strong>diriguntur,</strong></span> <span class='ocrx_word' id='word_1_111' title='bbox 1373 2457 1450 2524; x_wconf 89' lang='lat' dir='ltr'><strong>pro·</strong></span> 
     </span>
     <span class='ocr_line' id='line_1_15' title="bbox 324 2547 1449 2636; baseline -0.001 -23"><span class='ocrx_word' id='word_1_112' title='bbox 324 2553 398 2633; x_wconf 90' lang='lat' dir='ltr'><strong>pter</strong></span> <span class='ocrx_word' id='word_1_113' title='bbox 414 2555 551 2636; x_wconf 79' lang='lat' dir='ltr'><strong>peccatu</strong></span> <span class='ocrx_word' id='word_1_114' title='bbox 565 2549 750 2636; x_wconf 90' lang='lat' dir='ltr'><strong>hominum,</strong></span> <span class='ocrx_word' id='word_1_115' title='bbox 766 2547 1121 2633; x_wconf 88' lang='lat' dir='ltr'><strong>utlirmitereredlmus,</strong></span> <span class='ocrx_word' id='word_1_116' title='bbox 1138 2547 1355 2633; x_wconf 88' lang='lat' dir='ltr'><strong>permittente,</strong></span> <span class='ocrx_word' id='word_1_117' title='bbox 1372 2547 1449 2613; x_wconf 85' lang='lat' dir='ltr'><strong>bar-</strong></span> 
     </span>
     <span class='ocr_line' id='line_1_16' title="bbox 324 2653 1448 2744; baseline -0.003 -22"><span class='ocrx_word' id='word_1_118' title='bbox 324 2653 405 2723; x_wconf 88' lang='lat' dir='ltr'><strong>bare</strong></span> <span class='ocrx_word' id='word_1_119' title='bbox 420 2657 588 2741; x_wconf 86' lang='lat' dir='ltr'><strong>nationes,</strong></span> <span class='ocrx_word' id='word_1_120' title='bbox 614 2675 677 2740; x_wconf 85' lang='lat' dir='ltr'><strong>que</strong></span> <span class='ocrx_word' id='word_1_121' title='bbox 701 2677 738 2724; x_wconf 90' lang='lat' dir='ltr'><strong>se</strong></span> <span class='ocrx_word' id='word_1_122' title='bbox 759 2657 915 2726; x_wconf 80' lang='lat' dir='ltr'><strong>Tartarus</strong></span> <span class='ocrx_word' id='word_1_123' title='bbox 939 2657 1126 2744; x_wconf 88' lang='lat' dir='ltr'><strong>appellant,</strong></span> <span class='ocrx_word' id='word_1_124' title='bbox 1150 2653 1191 2722; x_wconf 91' lang='lat' dir='ltr'><strong>de</strong></span> <span class='ocrx_word' id='word_1_125' title='bbox 1214 2655 1317 2741; x_wconf 84' lang='lat' dir='ltr'><strong>plaga</strong></span> <span class='ocrx_word' id='word_1_126' title='bbox 1339 2655 1448 2721; x_wconf 90' lang='lat' dir='ltr'><strong>orien-</strong></span> 
     </span>
     <span class='ocr_line' id='line_1_17' title="bbox 323 2759 1448 2850; baseline 0 -22"><span class='ocrx_word' id='word_1_127' title='bbox 323 2761 384 2828; x_wconf 86' lang='lat' dir='ltr'><strong>tali</strong></span> <span class='ocrx_word' id='word_1_128' title='bbox 408 2763 497 2830; x_wconf 83' lang='lat' dir='ltr'><strong>velnt</strong></span> <span class='ocrx_word' id='word_1_129' title='bbox 521 2764 647 2832; x_wconf 89' lang='lat' dir='ltr'><strong>locuste</strong></span> <span class='ocrx_word' id='word_1_130' title='bbox 671 2783 711 2832; x_wconf 90' lang='lat' dir='ltr'><strong>ex</strong></span> <span class='ocrx_word' id='word_1_131' title='bbox 734 2763 865 2834; x_wconf 85' lang='lat' dir='ltr'><strong>heremo</strong></span> <span class='ocrx_word' id='word_1_132' title='bbox 887 2763 1102 2850; x_wconf 84' lang='lat' dir='ltr'><strong>prodeuntes,</strong></span> <span class='ocrx_word' id='word_1_133' title='bbox 1138 2763 1263 2830; x_wconf 86' lang='lat' dir='ltr'><strong>maiore</strong></span> <span class='ocrx_word' id='word_1_134' title='bbox 1285 2759 1448 2847; x_wconf 89' lang='lat' dir='ltr'><strong>Ungaria,</strong></span> 
     </span>
     <span class='ocr_line' id='line_1_18' title="bbox 323 2867 1447 2958; baseline 0.002 -24"><span class='ocrx_word' id='word_1_135' title='bbox 323 2867 496 2956; x_wconf 76' lang='lat' dir='ltr'><strong>uulgaria,</strong></span> <span class='ocrx_word' id='word_1_136' title='bbox 528 2872 706 2958; x_wconf 83' lang='lat' dir='ltr'><strong>(lumenta,</strong></span> <span class='ocrx_word' id='word_1_137' title='bbox 737 2873 875 2956; x_wconf 87' lang='lat' dir='ltr'><strong>Russia,</strong></span> <span class='ocrx_word' id='word_1_138' title='bbox 900 2891 1049 2940; x_wconf 90' lang='lat' dir='ltr'><strong>necnon</strong></span> <span class='ocrx_word' id='word_1_139' title='bbox 1072 2869 1207 2938; x_wconf 88' lang='lat' dir='ltr'><strong>Polonia</strong></span> <span class='ocrx_word' id='word_1_140' title='bbox 1230 2877 1263 2938; x_wconf 88' lang='lat' dir='ltr'><strong>et</strong></span> <span class='ocrx_word' id='word_1_141' title='bbox 1285 2869 1447 2954; x_wconf 77' lang='lat' dir='ltr'><strong>hieracia,</strong></span> 
     </span>
     <span class='ocr_line' id='line_1_19' title="bbox 324 2975 1446 3076; baseline 0.002 -34"><span class='ocrx_word' id='word_1_142' title='bbox 324 2977 443 3076; x_wconf 82' lang='lat' dir='ltr'><strong>ecstris</strong></span> <span class='ocrx_word' id='word_1_143' title='bbox 465 2983 499 3044; x_wconf 88' lang='lat' dir='ltr'><strong>et</strong></span> <span class='ocrx_word' id='word_1_144' title='bbox 521 2980 752 3049; x_wconf 86' lang='lat' dir='ltr'><strong>munitionibus</strong></span> <span class='ocrx_word' id='word_1_145' title='bbox 775 2979 967 3066; x_wconf 84' lang='lat' dir='ltr'><strong>quibusdam</strong></span> <span class='ocrx_word' id='word_1_146' title='bbox 991 2981 1157 3067; x_wconf 85' lang='lat' dir='ltr'><strong>exceptis,</strong></span> <span class='ocrx_word' id='word_1_147' title='bbox 1180 2996 1244 3061; x_wconf 84' lang='lat' dir='ltr'><strong>que</strong></span> <span class='ocrx_word' id='word_1_148' title='bbox 1268 2997 1371 3062; x_wconf 88' lang='lat' dir='ltr'><strong>usqne</strong></span> <span class='ocrx_word' id='word_1_149' title='bbox 1385 2975 1446 3044; x_wconf 91' lang='lat' dir='ltr'><strong>ho-</strong></span> 
     </span>
     <span class='ocr_line' id='line_1_20' title="bbox 324 3081 1447 3176; baseline 0.002 -26"><span class='ocrx_word' id='word_1_150' title='bbox 324 3081 379 3152; x_wconf 89' lang='lat' dir='ltr'><strong>dic</strong></span> <span class='ocrx_word' id='word_1_151' title='bbox 402 3103 439 3154; x_wconf 87' lang='lat' dir='ltr'><strong>se</strong></span> <span class='ocrx_word' id='word_1_152' title='bbox 462 3085 552 3172; x_wconf 88' lang='lat' dir='ltr'><strong>ipsos</strong></span> <span class='ocrx_word' id='word_1_153' title='bbox 573 3083 780 3176; x_wconf 67' lang='lat' dir='ltr'><strong>pretendunt,</strong></span> <span class='ocrx_word' id='word_1_154' title='bbox 803 3089 1029 3176; x_wconf 83' lang='lat' dir='ltr'><strong>depopulatis,</strong></span> <span class='ocrx_word' id='word_1_155' title='bbox 1062 3107 1129 3156; x_wconf 93' lang='lat' dir='ltr'><strong>non</strong></span> <span class='ocrx_word' id='word_1_156' title='bbox 1159 3087 1286 3170; x_wconf 82' lang='lat' dir='ltr'><strong>absque</strong></span> <span class='ocrx_word' id='word_1_157' title='bbox 1316 3083 1447 3153; x_wconf 79' lang='lat' dir='ltr'><strong>munita</strong></span> 
     </span>
     <span class='ocr_line' id='line_1_21' title="bbox 322 3193 1447 3284; baseline -0.004 -20"><span class='ocrx_word' id='word_1_158' title='bbox 322 3213 534 3284; x_wconf 84' lang='lat' dir='ltr'><strong>personarum</strong></span> <span class='ocrx_word' id='word_1_159' title='bbox 563 3201 674 3283; x_wconf 83' lang='lat' dir='ltr'><strong>strage</strong></span> <span class='ocrx_word' id='word_1_160' title='bbox 696 3197 927 3266; x_wconf 84' lang='lat' dir='ltr'><strong>miserabiliter</strong></span> <span class='ocrx_word' id='word_1_161' title='bbox 949 3196 1140 3280; x_wconf 88' lang='lat' dir='ltr'><strong>destructis,</strong></span> <span class='ocrx_word' id='word_1_162' title='bbox 1172 3201 1322 3278; x_wconf 88' lang='lat' dir='ltr'><strong>terreque</strong></span> <span class='ocrx_word' id='word_1_163' title='bbox 1343 3193 1447 3278; x_wconf 84' lang='lat' dir='ltr'><strong>gleba</strong></span> 
     </span>
     <span class='ocr_line' id='line_1_22' title="bbox 321 3299 1442 3387; baseline -0.001 -18"><span class='ocrx_word' id='word_1_164' title='bbox 321 3302 427 3370; x_wconf 88' lang='lat' dir='ltr'><strong>incole</strong></span> <span class='ocrx_word' id='word_1_165' title='bbox 451 3320 535 3371; x_wconf 83' lang='lat' dir='ltr'><strong>noso</strong></span> <span class='ocrx_word' id='word_1_166' title='bbox 553 3301 678 3387; x_wconf 85' lang='lat' dir='ltr'><strong>relicta,</strong></span> <span class='ocrx_word' id='word_1_167' title='bbox 701 3303 849 3386; x_wconf 86' lang='lat' dir='ltr'><strong>Regnum</strong></span> <span class='ocrx_word' id='word_1_168' title='bbox 869 3309 1013 3372; x_wconf 76' lang='lat' dir='ltr'><strong>nochum</strong></span> <span class='ocrx_word' id='word_1_169' title='bbox 1028 3303 1227 3370; x_wconf 84' lang='lat' dir='ltr'><strong>totumultra</strong></span> <span class='ocrx_word' id='word_1_170' title='bbox 1251 3299 1442 3368; x_wconf 86' lang='lat' dir='ltr'><strong>Danubium</strong></span> 
     </span>
     <span class='ocr_line' id='line_1_23' title="bbox 322 3409 1445 3498; baseline -0.002 -21"><span class='ocrx_word' id='word_1_171' title='bbox 322 3409 459 3498; x_wconf 84' lang='lat' dir='ltr'><strong>noviter,</strong></span> <span class='ocrx_word' id='word_1_172' title='bbox 481 3411 564 3498; x_wconf 91' lang='lat' dir='ltr'><strong>prob</strong></span> <span class='ocrx_word' id='word_1_173' title='bbox 587 3409 691 3497; x_wconf 88' lang='lat' dir='ltr'><strong>dolor,</strong></span> <span class='ocrx_word' id='word_1_174' title='bbox 714 3419 922 3498; x_wconf 85' lang='lat' dir='ltr'><strong>occuparunt,</strong></span> <span class='ocrx_word' id='word_1_175' title='bbox 947 3411 1033 3496; x_wconf 88' lang='lat' dir='ltr'><strong>quod</strong></span> <span class='ocrx_word' id='word_1_176' title='bbox 1054 3432 1119 3480; x_wconf 91' lang='lat' dir='ltr'><strong>non</strong></span> <span class='ocrx_word' id='word_1_177' title='bbox 1145 3411 1216 3477; x_wconf 91' lang='lat' dir='ltr'><strong>sine</strong></span> <span class='ocrx_word' id='word_1_178' title='bbox 1239 3428 1359 3494; x_wconf 88' lang='lat' dir='ltr'><strong>magno</strong></span> <span class='ocrx_word' id='word_1_179' title='bbox 1375 3427 1445 3476; x_wconf 88' lang='lat' dir='ltr'><strong>cor-</strong></span> 
     </span>
     <span class='ocr_line' id='line_1_24' title="bbox 321 3515 1444 3606; baseline 0 -24"><span class='ocrx_word' id='word_1_180' title='bbox 321 3515 373 3586; x_wconf 91' lang='lat' dir='ltr'><strong>dis</strong></span> <span class='ocrx_word' id='word_1_181' title='bbox 395 3516 506 3587; x_wconf 89' lang='lat' dir='ltr'><strong>dolore</strong></span> <span class='ocrx_word' id='word_1_182' title='bbox 530 3518 733 3606; x_wconf 84' lang='lat' dir='ltr'><strong>proferimus,</strong></span> <span class='ocrx_word' id='word_1_183' title='bbox 755 3519 998 3588; x_wconf 84' lang='lat' dir='ltr'><strong>venerabilibus</strong></span> <span class='ocrx_word' id='word_1_184' title='bbox 1022 3517 1290 3605; x_wconf 79' lang='lat' dir='ltr'><strong>archiepiscopis,</strong></span> <span class='ocrx_word' id='word_1_185' title='bbox 1314 3517 1444 3602; x_wconf 86' lang='lat' dir='ltr'><strong>episco-</strong></span> 
     </span>
     <span class='ocr_line' id='line_1_25' title="bbox 321 3623 1445 3712; baseline 0 -22"><span class='ocrx_word' id='word_1_186' title='bbox 321 3623 384 3708; x_wconf 89' lang='lat' dir='ltr'><strong>pis,</strong></span> <span class='ocrx_word' id='word_1_187' title='bbox 407 3625 582 3694; x_wconf 88' lang='lat' dir='ltr'><strong>abhatibus</strong></span> <span class='ocrx_word' id='word_1_188' title='bbox 593 3676 603 3712; x_wconf 97' lang='lat'><strong>,</strong></span> <span class='ocrx_word' id='word_1_189' title='bbox 625 3625 813 3712; x_wconf 88' lang='lat' dir='ltr'><strong>monacbis,</strong></span> <span class='ocrx_word' id='word_1_190' title='bbox 836 3627 1017 3694; x_wconf 90' lang='lat' dir='ltr'><strong>minorihus</strong></span> <span class='ocrx_word' id='word_1_191' title='bbox 1040 3633 1074 3694; x_wconf 91' lang='lat' dir='ltr'><strong>et</strong></span> <span class='ocrx_word' id='word_1_192' title='bbox 1095 3623 1354 3712; x_wconf 87' lang='lat' dir='ltr'><strong>predicatoribus</strong></span> <span class='ocrx_word' id='word_1_193' title='bbox 1376 3623 1445 3690; x_wconf 83' lang='lat' dir='ltr'><strong>fra·</strong></span> 
     </span>
     <span class='ocr_line' id='line_1_26' title="bbox 321 3731 1445 3822; baseline 0 -24"><span class='ocrx_word' id='word_1_194' title='bbox 321 3731 444 3818; x_wconf 90' lang='lat' dir='ltr'><strong>trihus,</strong></span> <span class='ocrx_word' id='word_1_195' title='bbox 467 3734 682 3822; x_wconf 86' lang='lat' dir='ltr'><strong>monialibus,</strong></span> <span class='ocrx_word' id='word_1_196' title='bbox 716 3734 907 3802; x_wconf 90' lang='lat' dir='ltr'><strong>uxonoratis</strong></span> <span class='ocrx_word' id='word_1_197' title='bbox 930 3742 963 3804; x_wconf 91' lang='lat' dir='ltr'><strong>ct</strong></span> <span class='ocrx_word' id='word_1_198' title='bbox 984 3732 1166 3822; x_wconf 83' lang='lat' dir='ltr'><strong>virginibus</strong></span> <span class='ocrx_word' id='word_1_199' title='bbox 1187 3739 1264 3818; x_wconf 90' lang='lat' dir='ltr'><strong>post</strong></span> <span class='ocrx_word' id='word_1_200' title='bbox 1285 3731 1445 3800; x_wconf 76' lang='lat' dir='ltr'><strong>violacio</strong></span> 
     </span>
     <span class='ocr_line' id='line_1_27' title="bbox 321 3837 1444 3930; baseline 0 -26"><span class='ocrx_word' id='word_1_201' title='bbox 321 3856 395 3906; x_wconf 89' lang='lat' dir='ltr'><strong>nem</strong></span> <span class='ocrx_word' id='word_1_202' title='bbox 420 3858 549 3924; x_wconf 90' lang='lat' dir='ltr'><strong>earum,</strong></span> <span class='ocrx_word' id='word_1_203' title='bbox 584 3847 617 3909; x_wconf 90' lang='lat' dir='ltr'><strong>et</strong></span> <span class='ocrx_word' id='word_1_204' title='bbox 644 3843 838 3930; x_wconf 88' lang='lat' dir='ltr'><strong>populorum</strong></span> <span class='ocrx_word' id='word_1_205' title='bbox 861 3838 1066 3910; x_wconf 87' lang='lat' dir='ltr'><strong>multitudine</strong></span> <span class='ocrx_word' id='word_1_206' title='bbox 1089 3840 1215 3908; x_wconf 91' lang='lat' dir='ltr'><strong>inlinita</strong></span> <span class='ocrx_word' id='word_1_207' title='bbox 1238 3837 1318 3908; x_wconf 90' lang='lat' dir='ltr'><strong>cede</strong></span> <span class='ocrx_word' id='word_1_208' title='bbox 1342 3838 1444 3906; x_wconf 89' lang='lat' dir='ltr'><strong>mise·</strong></span> 
     </span>
     <span class='ocr_line' id='line_1_28' title="bbox 320 3945 1444 4036; baseline -0.003 -23"><span class='ocrx_word' id='word_1_209' title='bbox 320 3945 419 4014; x_wconf 86' lang='lat' dir='ltr'><strong>rabili</strong></span> <span class='ocrx_word' id='word_1_210' title='bbox 449 3946 627 4016; x_wconf 85' lang='lat' dir='ltr'><strong>trucidatis.</strong></span> <span class='ocrx_word' id='word_1_211' title='bbox 660 3949 705 4016; x_wconf 80' lang='lat' dir='ltr'><strong>At</strong></span> <span class='ocrx_word' id='word_1_212' title='bbox 734 3950 883 4019; x_wconf 84' lang='lat' dir='ltr'><strong>volentes</strong></span> <span class='ocrx_word' id='word_1_213' title='bbox 917 3955 950 4017; x_wconf 87' lang='lat' dir='ltr'><strong>et</strong></span> <span class='ocrx_word' id='word_1_214' title='bbox 980 3955 1138 4036; x_wconf 88' lang='lat' dir='ltr'><strong>parantes</strong></span> <span class='ocrx_word' id='word_1_215' title='bbox 1165 3947 1319 4015; x_wconf 88' lang='lat' dir='ltr'><strong>resistere</strong></span> <span class='ocrx_word' id='word_1_216' title='bbox 1343 3963 1444 4012; x_wconf 87' lang='lat' dir='ltr'><strong>mauu</strong></span> 
     </span>
     <span class='ocr_line' id='line_1_29' title="bbox 321 4053 1445 4142; baseline 0.002 -21"><span class='ocrx_word' id='word_1_217' title='bbox 321 4053 416 4142; x_wconf 87' lang='lat' dir='ltr'><strong>lorti,</strong></span> <span class='ocrx_word' id='word_1_218' title='bbox 438 4062 514 4142; x_wconf 86' lang='lat' dir='ltr'><strong>post</strong></span> <span class='ocrx_word' id='word_1_219' title='bbox 535 4055 681 4124; x_wconf 85' lang='lat' dir='ltr'><strong>habitum</strong></span> <span class='ocrx_word' id='word_1_220' title='bbox 704 4077 777 4126; x_wconf 90' lang='lat' dir='ltr'><strong>cum</strong></span> <span class='ocrx_word' id='word_1_221' title='bbox 800 4058 848 4126; x_wconf 89' lang='lat' dir='ltr'><strong>eis</strong></span> <span class='ocrx_word' id='word_1_222' title='bbox 873 4054 1054 4126; x_wconf 88' lang='lat' dir='ltr'><strong>conflictum</strong></span> <span class='ocrx_word' id='word_1_223' title='bbox 1077 4075 1143 4124; x_wconf 91' lang='lat' dir='ltr'><strong>non</strong></span> <span class='ocrx_word' id='word_1_224' title='bbox 1165 4055 1237 4122; x_wconf 89' lang='lat' dir='ltr'><strong>sine</strong></span> <span class='ocrx_word' id='word_1_225' title='bbox 1255 4054 1445 4123; x_wconf 83' lang='lat' dir='ltr'><strong>vehementi</strong></span> 
     </span>
     <span class='ocr_line' id='line_1_30' title="bbox 321 4160 1443 4252; baseline -0.003 -23"><span class='ocrx_word' id='word_1_226' title='bbox 321 4181 535 4250; x_wconf 82' lang='lat' dir='ltr'><strong>personarum</strong></span> <span class='ocrx_word' id='word_1_227' title='bbox 566 4169 599 4232; x_wconf 91' lang='lat' dir='ltr'><strong>et</strong></span> <span class='ocrx_word' id='word_1_228' title='bbox 630 4185 736 4232; x_wconf 89' lang='lat' dir='ltr'><strong>rerum</strong></span> <span class='ocrx_word' id='word_1_229' title='bbox 764 4165 907 4252; x_wconf 85' lang='lat' dir='ltr'><strong>jactura,</strong></span> <span class='ocrx_word' id='word_1_230' title='bbox 930 4165 999 4234; x_wconf 82' lang='lat' dir='ltr'><strong>lato</strong></span> <span class='ocrx_word' id='word_1_231' title='bbox 1015 4165 1109 4232; x_wconf 91' lang='lat' dir='ltr'><strong>nobis</strong></span> <span class='ocrx_word' id='word_1_232' title='bbox 1133 4168 1351 4246; x_wconf 84' lang='lat' dir='ltr'><strong>novercante,</strong></span> <span class='ocrx_word' id='word_1_233' title='bbox 1381 4160 1443 4227; x_wconf 92' lang='lat' dir='ltr'><strong>ille</strong></span> 
     </span>
     <span class='ocr_line' id='line_1_31' title="bbox 321 4267 1444 4358; baseline -0.004 -20"><span class='ocrx_word' id='word_1_234' title='bbox 321 4271 534 4341; x_wconf 86' lang='lat' dir='ltr'><strong>succumbere</strong></span> <span class='ocrx_word' id='word_1_235' title='bbox 556 4291 617 4340; x_wconf 90' lang='lat' dir='ltr'><strong>nos</strong></span> <span class='ocrx_word' id='word_1_236' title='bbox 641 4272 790 4358; x_wconf 90' lang='lat' dir='ltr'><strong>permisit</strong></span> <span class='ocrx_word' id='word_1_237' title='bbox 831 4273 953 4341; x_wconf 90' lang='lat' dir='ltr'><strong>nostris</strong></span> <span class='ocrx_word' id='word_1_238' title='bbox 985 4273 1132 4358; x_wconf 87' lang='lat' dir='ltr'><strong>peccatis</strong></span> <span class='ocrx_word' id='word_1_239' title='bbox 1156 4269 1382 4358; x_wconf 85' lang='lat' dir='ltr'><strong>exigentibus,</strong></span> <span class='ocrx_word' id='word_1_240' title='bbox 1408 4267 1444 4334; x_wconf 91' lang='lat' dir='ltr'><strong>iu</strong></span> 
     </span>
     <span class='ocr_line' id='line_1_32' title="bbox 321 4377 1442 4470; baseline -0.004 -24"><span class='ocrx_word' id='word_1_241' title='bbox 321 4397 416 4464; x_wconf 87' lang='lat' dir='ltr'><strong>quem</strong></span> <span class='ocrx_word' id='word_1_242' title='bbox 439 4381 681 4450; x_wconf 85' lang='lat' dir='ltr'><strong>iactcueramus</strong></span> <span class='ocrx_word' id='word_1_243' title='bbox 704 4381 879 4450; x_wconf 81' lang='lat' dir='ltr'><strong>anchoram</strong></span> <span class='ocrx_word' id='word_1_244' title='bbox 894 4381 967 4470; x_wconf 91' lang='lat' dir='ltr'><strong>spei</strong></span> <span class='ocrx_word' id='word_1_245' title='bbox 982 4385 1102 4448; x_wconf 76' lang='lat' dir='ltr'><strong>nosne.</strong></span> <span class='ocrx_word' id='word_1_246' title='bbox 1118 4381 1269 4449; x_wconf 81' lang='lat' dir='ltr'><strong>ceterum</strong></span> <span class='ocrx_word' id='word_1_247' title='bbox 1283 4377 1369 4459; x_wconf 87' lang='lat' dir='ltr'><strong>sient</strong></span> <span class='ocrx_word' id='word_1_248' title='bbox 1382 4395 1442 4442; x_wconf 86' lang='lat' dir='ltr'><strong>ac·</strong></span> 
     </span>
     <span class='ocr_line' id='line_1_33' title="bbox 319 4484 1442 4575; baseline -0.005 -21"><span class='ocrx_word' id='word_1_249' title='bbox 319 4485 465 4572; x_wconf 89' lang='lat' dir='ltr'><strong>cepimus</strong></span> <span class='ocrx_word' id='word_1_250' title='bbox 495 4487 629 4556; x_wconf 86' lang='lat' dir='ltr'><strong>tirmiter</strong></span> <span class='ocrx_word' id='word_1_251' title='bbox 660 4487 748 4556; x_wconf 85' lang='lat' dir='ltr'><strong>circa</strong></span> <span class='ocrx_word' id='word_1_252' title='bbox 779 4489 973 4575; x_wconf 90' lang='lat' dir='ltr'><strong>principium</strong></span> <span class='ocrx_word' id='word_1_253' title='bbox 983 4488 1109 4575; x_wconf 83' lang='lat' dir='ltr'><strong>hyemis</strong></span> <span class='ocrx_word' id='word_1_254' title='bbox 1132 4505 1247 4555; x_wconf 83' lang='lat' dir='ltr'><strong>versus</strong></span> <span class='ocrx_word' id='word_1_255' title='bbox 1268 4484 1442 4552; x_wconf 83' lang='lat' dir='ltr'><strong>Alleman·</strong></span> 
     </span>
     <span class='ocr_line' id='line_1_34' title="bbox 321 4591 1443 4682; baseline -0.004 -20"><span class='ocrx_word' id='word_1_256' title='bbox 321 4595 410 4664; x_wconf 82' lang='lat' dir='ltr'><strong>niam</strong></span> <span class='ocrx_word' id='word_1_257' title='bbox 432 4602 617 4682; x_wconf 88' lang='lat' dir='ltr'><strong>proponunt</strong></span> <span class='ocrx_word' id='word_1_258' title='bbox 639 4596 817 4682; x_wconf 90' lang='lat' dir='ltr'><strong>procedere</strong></span> <span class='ocrx_word' id='word_1_259' title='bbox 840 4595 1008 4681; x_wconf 85' lang='lat' dir='ltr'><strong>gressibus</strong></span> <span class='ocrx_word' id='word_1_260' title='bbox 1040 4593 1221 4672; x_wconf 76' lang='lat' dir='ltr'><strong>festinatis,</strong></span> <span class='ocrx_word' id='word_1_261' title='bbox 1254 4591 1372 4660; x_wconf 87' lang='lat' dir='ltr'><strong>exinde</strong></span> <span class='ocrx_word' id='word_1_262' title='bbox 1405 4607 1443 4658; x_wconf 89' lang='lat' dir='ltr'><strong>se</strong></span> 
     </span>
    </p>
   </div>
   <div class='ocr_carea' id='block_1_3' title="bbox 0 0 1582 5030">
    <p class='ocr_par' dir='ltr' id='par_1_3' title="bbox 0 0 1582 5030">
     <span class='ocr_line' id='line_1_35' title="bbox 0 0 1582 5030; baseline 0 3"><span class='ocrx_word' id='word_1_263' title='bbox 0 0 1582 5030; x_wconf 95' lang='lat' dir='ltr'><strong> </strong></span> 
     </span>
    </p>
   </div>
  </div>
 </body>
</html>
