3140 5044
766 306 930 414 „252

286 509 478 578 memoriam
503 511 613 577 literas
642 471 816 594 presentes
833 509 1014 591 sigillorum
1031 511 1210 573 nostrorum
1227 505 1409 589 patrocinio

286 617 500 684 communitas
516 615 668 682 duximus
685 613 920 685 concedendas.
947 617 1067 699 Datum
1084 614 1219 682 Posouii
1235 614 1267 678 iu
1282 611 1409 680 scavis

285 725 399 794 Sancti
412 721 543 792 Nicolai
558 743 643 792 enno
659 723 791 793 Domini
806 721 977 790 millesimo
995 724 1216 790 ducentesimo
1232 722 1268 786 L
1285 721 1406 804 quinto.

284 934 488 1010 (1111111111,
511 935 668 994 comment.
689 934 755 990 hiat.
779 939 809 991 et
816 936 875 1006 jur.
886 933 967 1008 publ.
987 933 1084 1006 Hung.
1097 934 1133 989 ll.
1149 933 1209 989 ket.
1225 931 1305 1002 fflgg.
1320 930 1372 988 1v.
1386 929 1406 985 l.

795 1024 898 1099 cuo).

718 1325 934 1334 ——--—.----

801 1775 880 1842 112.

280 1957 411 2026 Rolano
426 1956 531 2022 occu
545 1955 735 2042 bizonpadpu
751 1953 831 2040 bogy
847 1951 1249 2040 apaomotubuiapoaop
1264 1955 1295 2017 11
1309 1975 1347 2016 αι
1362 1956 1404 2018 ό-

280 2065 379 2134 dadai
393 2061 549 2151 captabo
563 2063 715 2148 bisoayos,
733 2082 755 2123 a
764 2061 1004 2146 sonwyymcpysi
1017 2060 1134 2124 tabcdre
1148 2061 1330 2148 1111111116,
1340 2082 1400 2147 pe·

482 2172 652 2238 rabodo
661 2170 862 2236 11111111έό11
878 2169 1092 2256 epyczkedlelc.
1112 2171 1210 2234 1255.

384 2345 454 2417 Nos
469 2348 639 2416 Rolandus
655 2348 826 2416 Palatinus
844 2353 877 2414 st
893 2347 1011 2413 Comes
1027 2347 1236 2415 Posoniensis
1252 2346 1400 2414 omnibus

277 2455 485 2540 presencium
500 2455 654 2522 noticiam
669 2454 831 2523 habituris
846 2453 996 2521 duximus
1012 2451 1282 2537 significandum,
1314 2452 1402 2535 quod

278 2581 351 2628 cunr
365 2561 432 2628 litis
456 2560 585 2646 questio
611 2567 700 2628 mota
724 2561 841 2627 fuisset
857 2581 967 2628 coram
984 2561 1078 2628 nobis
1096 2581 1193 2646 super
1208 2561 1296 2626 facto
1312 2561 1396 2626 deci·

276 2691 401 2738 marum
425 2670 509 2736 inter
532 2671 720 2737 Ecclesiam
747 2669 859 2735 Sancti
885 2667 1019 2734 Martini
1034 2668 1076 2733 de
1091 2667 1261 2734 Pannonia
1274 2686 1315 2732 ex
1330 2685 1398 2732 vna

274 2784 379 2864 parte,
402 2784 435 2844 et
449 2777 533 2863 inter
559 2777 742 2844 Ecclesiam
758 2777 854 2845 Beati
880 2777 968 2843 Petri
984 2777 1026 2842 de
1052 2775 1146 2843 Buda
1165 2776 1338 2856 exaltare,
1361 2782 1399 2838 et

275 2887 380 2972 ipsam
395 2885 484 2953 litem
501 2884 546 2950 ad
563 2904 704 2952 examen
720 2883 822 2952 duelli
838 2883 1083 2963 indicassemus,
1100 2881 1274 2951 ettandem
1289 2881 1397 2963 requi·

274 2993 337 3058 sito
353 2991 483 3059 domino
498 2993 589 3078 Rege
610 2993 717 3078 ipsum
733 2991 879 3058 duellum
905 2990 1024 3057 fuisset
1040 2998 1237 3073 reuocatum,
1255 2995 1398 3074 postmo-

276 3097 352 3164 dum
367 3099 493 3186 placuit
517 3101 666 3183 partibus
683 3119 725 3165 ex
750 3105 864 3166 nostra
881 3098 1101 3185 permissione
1117 3097 1334 3164 amicabiliter
1348 3095 1397 3159 in-

273 3213 323 3273 ter
338 3225 376 3272 se
392 3205 613 3273 mediantibus
629 3207 741 3293 probis
758 3205 837 3273 viris
853 3203 991 3291 pacifice
1012 3205 1176 3273 ordinare.
1193 3204 1293 3271 Cuius
1311 3221 1397 3270 com-

271 3313 451 3398 posicionis
476 3311 613 3379 formam
638 3314 787 3380 dominus
811 3311 926 3380 Abbas
952 3313 1067 3379 Sancti
1083 3312 1234 3394 Martini,
1258 3311 1396 3376 Ambro-

272 3423 341 3490 sius
355 3425 483 3507 Lector,
499 3403 615 3488 Petrus
630 3423 782 3488 Decanns
794 3427 827 3488 et
841 3422 1000 3505 magister
1016 3420 1138 3504 Sixtns,
1157 3417 1314 3486 canonici
1330 3417 1393 3481 111-

272 3527 374 3597 clesie
398 3531 562 3600 Budensis
578 3549 687 3596 coram
703 3529 796 3596 nobis
812 3529 845 3594 in
855 3529 941 3593 hunc
951 3527 1078 3595 modum
1095 3529 1283 3594 recitarunt:
1299 3525 1394 3603 Quod

271 3635 434 3702 vinitores·
444 3637 594 3704 Ecclesie
605 3635 767 3702 Budensis
784 3633 816 3700 11
833 3641 903 3702 toto
919 3633 1083 3702 Comitatn
1103 3633 1303 3718 symigiensi
1319 3651 1395 3696 con·

271 3741 377 3810 stituti
392 3741 432 3808 de
449 3745 588 3825 singulis
604 3740 829 3809 mansionibus
845 3761 904 3827 pro
921 3741 1055 3809 decimis
1065 3741 1213 3824 singulas
1224 3739 1318 3805 binas
1334 3755 1393 3803 ca-

270 3866 376 3934 penas
390 3849 591 3935 persoluent,
609 3855 641 3915 et
666 3849 708 3914 de
724 3848 865 3934 propriis
880 3849 1028 3934 cellarijs
1054 3847 1217 3916 Budensis
1242 3845 1393 3912 Ecclesia

269 3955 417 4026 decimas
433 3956 596 4041 legitimas
613 3963 647 4022 et
662 3965 855 4043 consuetas;
881 3957 986 4024 libere
1002 3965 1109 4022 autem
1122 3953 1321 4024 condicionis
1334 3952 1392 4016 ho·

269 4062 374 4130 mines
390 4064 517 4129 soluere
534 4061 654 4129 debent
669 4061 816 4129 decimas
831 4083 912 4130 suas
929 4065 964 4130 in
979 4064 1103 4150 prediis
1120 4063 1224 4148 ipsius
1242 4058 1391 4126 Ecclesia

267 4169 430 4239 Budeusis
445 4171 548 4238 locati
564 4171 743 4238 secundum
759 4173 1027 4240 consuetudinem
1043 4171 1149 4252 Regni
1159 4168 1390 4256 approbatam.

268 4278 311 4345 Vt
325 4286 433 4347 autern
458 4278 708 4364 composicionis
734 4281 837 4347 series
863 4279 969 4346 salua
983 4299 1111 4364 semper
1137 4285 1169 4343 et
1193 4279 1391 4343 inconcussa

265 4393 466 4471 permaneat,
476 4392 510 4455 et
525 4386 766 4472 intemporibus
776 4387 974 4455 successinis
990 4407 1050 4471 per
1060 4385 1223 4452 nerninem
1233 4383 1339 4468 possit
1354 4381 1390 4446 in

267 4491 394 4560 irritum
408 4494 576 4577 reuocari,
600 4493 635 4559 in
659 4495 878 4560 testimonium
894 4501 928 4560 et
944 4492 1227 4561 confirmacionem
1243 4488 1389 4556 eiusdem

268 4597 348 4666 iacti
363 4599 491 4692 litteras
507 4609 638 4669 nostras
648 4604 818 4686 presentes
836 4603 880 4668 ad
890 4601 1085 4684 peticionem
1101 4599 1268 4682 utriusqus
1284 4596 1389 4682 partis
