<?xml version="1.0" encoding="UTF-8"?>
<!DOCTYPE html PUBLIC "-//W3C//DTD XHTML 1.0 Transitional//EN"
    "http://www.w3.org/TR/xhtml1/DTD/xhtml1-transitional.dtd">
<html xmlns="http://www.w3.org/1999/xhtml" xml:lang="en" lang="en">
 <head>
  <title>
</title>
<meta http-equiv="Content-Type" content="text/html;charset=utf-8" />
  <meta name='ocr-system' content='tesseract 3.04.00' />
  <meta name='ocr-capabilities' content='ocr_page ocr_carea ocr_par ocr_line ocrx_word'/>
</head>
<body>
  <div class='ocr_page' id='page_1' title='image "./codexdiplomatic11wenzgoog_0301.png"; bbox 0 0 3154 5038; ppageno 0'>
   <div class='ocr_carea' id='block_1_1' title="bbox 747 221 906 323">
    <p class='ocr_par' dir='ltr' id='par_1_1' title="bbox 747 221 906 323">
     <span class='ocr_line' id='line_1_1' title="bbox 747 221 906 323; baseline 0 -35"><span class='ocrx_word' id='word_1_1' title='bbox 747 221 906 323; x_wconf 50' lang='lat' dir='ltr'><strong>jus-</strong></span> 
     </span>
    </p>
   </div>
   <div class='ocr_carea' id='block_1_2' title="bbox 265 413 1397 506">
    <p class='ocr_par' dir='ltr' id='par_1_2' title="bbox 265 413 1397 506">
     <span class='ocr_line' id='line_1_2' title="bbox 265 413 1397 506; baseline -0.001 -21"><span class='ocrx_word' id='word_1_2' title='bbox 265 421 420 506; x_wconf 78' lang='lat' dir='ltr'><strong>Ooasnya</strong></span> <span class='ocrx_word' id='word_1_3' title='bbox 436 421 586 485; x_wconf 79' lang='lat' dir='ltr'><strong>vocatam</strong></span> <span class='ocrx_word' id='word_1_4' title='bbox 602 413 674 482; x_wconf 89' lang='lat' dir='ltr'><strong>sino</strong></span> <span class='ocrx_word' id='word_1_5' title='bbox 690 415 769 480; x_wconf 91' lang='lat' dir='ltr'><strong>iuris</strong></span> <span class='ocrx_word' id='word_1_6' title='bbox 785 415 922 481; x_wconf 89' lang='lat' dir='ltr'><strong>aliorum</strong></span> <span class='ocrx_word' id='word_1_7' title='bbox 934 419 1145 502; x_wconf 74' lang='lat' dir='ltr'><strong>cognatorum</strong></span> <span class='ocrx_word' id='word_1_8' title='bbox 1156 434 1288 483; x_wconf 87' lang='lat' dir='ltr'><strong>suorum</strong></span> <span class='ocrx_word' id='word_1_9' title='bbox 1305 413 1397 500; x_wconf 78' lang='lat' dir='ltr'><strong>(lgy)</strong></span> 
     </span>
    </p>
   </div>
   <div class='ocr_carea' id='block_1_3' title="bbox 264 521 1534 630">
    <p class='ocr_par' dir='ltr' id='par_1_3' title="bbox 264 521 1534 630">
     <span class='ocr_line' id='line_1_3' title="bbox 264 521 1534 630; baseline -0.006 -36"><span class='ocrx_word' id='word_1_10' title='bbox 264 528 375 596; x_wconf 66' lang='lat' dir='ltr'><strong>talita</strong></span> <span class='ocrx_word' id='word_1_11' title='bbox 389 523 603 609; x_wconf 76' lang='lat' dir='ltr'><strong>dividissent3</strong></span> <span class='ocrx_word' id='word_1_12' title='bbox 619 531 654 589; x_wconf 92' lang='lat' dir='ltr'><strong>ut</strong></span> <span class='ocrx_word' id='word_1_13' title='bbox 669 527 803 608; x_wconf 91' lang='lat' dir='ltr'><strong>propter</strong></span> <span class='ocrx_word' id='word_1_14' title='bbox 823 521 898 589; x_wconf 83' lang='lat' dir='ltr'><strong>loen</strong></span> <span class='ocrx_word' id='word_1_15' title='bbox 922 523 1120 592; x_wconf 74' lang='lat' dir='ltr'><strong>cessionali·</strong></span> <span class='ocrx_word' id='word_1_16' title='bbox 1131 521 1327 608; x_wconf 87' lang='lat' dir='ltr'><strong>eorundem,</strong></span> <span class='ocrx_word' id='word_1_17' title='bbox 1362 523 1398 588; x_wconf 93' lang='lat' dir='ltr'><strong>in</strong></span> <span class='ocrx_word' id='word_1_18' title='bbox 1532 577 1534 630; x_wconf 40' lang='grc' dir='ltr'><strong><em>ὲ</em></strong></span> 
     </span>
    </p>
   </div>
   <div class='ocr_carea' id='block_1_4' title="bbox 265 630 1399 1469">
    <p class='ocr_par' dir='ltr' id='par_1_4' title="bbox 265 630 1399 1469">
     <span class='ocr_line' id='line_1_4' title="bbox 266 630 1399 720; baseline -0.006 -17"><span class='ocrx_word' id='word_1_19' title='bbox 266 635 383 720; x_wconf 83' lang='lat' dir='ltr'><strong>quibus</strong></span> <span class='ocrx_word' id='word_1_20' title='bbox 398 652 484 700; x_wconf 92' lang='lat' dir='ltr'><strong>nunc</strong></span> <span class='ocrx_word' id='word_1_21' title='bbox 499 630 600 718; x_wconf 87' lang='lat' dir='ltr'><strong>ijdem</strong></span> <span class='ocrx_word' id='word_1_22' title='bbox 615 630 762 699; x_wconf 79' lang='lat' dir='ltr'>resident</span> <span class='ocrx_word' id='word_1_23' title='bbox 777 636 811 697; x_wconf 89' lang='lat' dir='ltr'><strong>st</strong></span> <span class='ocrx_word' id='word_1_24' title='bbox 826 637 1074 715; x_wconf 76' lang='lat' dir='ltr'><strong>commorantur,</strong></span> <span class='ocrx_word' id='word_1_25' title='bbox 1100 631 1228 699; x_wconf 89' lang='lat' dir='ltr'><strong>scilicet</strong></span> <span class='ocrx_word' id='word_1_26' title='bbox 1251 650 1273 696; x_wconf 91' lang='lat' dir='ltr'><strong>a</strong></span> <span class='ocrx_word' id='word_1_27' title='bbox 1297 637 1399 716; x_wconf 84' lang='lat' dir='ltr'><strong>parte</strong></span> 
     </span>
     <span class='ocr_line' id='line_1_5' title="bbox 265 737 1399 824; baseline -0.004 -16"><span class='ocrx_word' id='word_1_28' title='bbox 265 741 472 810; x_wconf 77' lang='lat' dir='ltr'><strong>meridionali</strong></span> <span class='ocrx_word' id='word_1_29' title='bbox 488 737 622 806; x_wconf 80' lang='lat' dir='ltr'><strong>fundum</strong></span> <span class='ocrx_word' id='word_1_30' title='bbox 634 745 667 806; x_wconf 92' lang='lat' dir='ltr'><strong>et</strong></span> <span class='ocrx_word' id='word_1_31' title='bbox 677 739 801 806; x_wconf 78' lang='lat' dir='ltr'><strong>curiam</strong></span> <span class='ocrx_word' id='word_1_32' title='bbox 817 737 964 808; x_wconf 89' lang='lat' dir='ltr'><strong>eiusdem</strong></span> <span class='ocrx_word' id='word_1_33' title='bbox 979 737 1112 808; x_wconf 79' lang='lat' dir='ltr'><strong>Comitis</strong></span> <span class='ocrx_word' id='word_1_34' title='bbox 1121 739 1249 822; x_wconf 75' lang='lat' dir='ltr'><strong>cosme,</strong></span> <span class='ocrx_word' id='word_1_35' title='bbox 1265 745 1399 824; x_wconf 84' lang='lat' dir='ltr'><strong>aparte</strong></span> 
     </span>
     <span class='ocr_line' id='line_1_6' title="bbox 265 845 1398 917; baseline -0.004 -1"><span class='ocrx_word' id='word_1_36' title='bbox 265 849 413 917; x_wconf 85' lang='lat' dir='ltr'><strong>Balstini</strong></span> <span class='ocrx_word' id='word_1_37' title='bbox 428 849 580 916; x_wconf 89' lang='lat' dir='ltr'><strong>similiter</strong></span> <span class='ocrx_word' id='word_1_38' title='bbox 595 847 727 915; x_wconf 85' lang='lat' dir='ltr'><strong>fundum</strong></span> <span class='ocrx_word' id='word_1_39' title='bbox 739 851 773 912; x_wconf 90' lang='lat' dir='ltr'><strong>et</strong></span> <span class='ocrx_word' id='word_1_40' title='bbox 788 848 911 914; x_wconf 77' lang='lat' dir='ltr'><strong>curium</strong></span> <span class='ocrx_word' id='word_1_41' title='bbox 927 847 999 914; x_wconf 85' lang='lat' dir='ltr'><strong>lore</strong></span> <span class='ocrx_word' id='word_1_42' title='bbox 1013 845 1222 916; x_wconf 81' lang='lat' dir='ltr'><strong>affirmabant</strong></span> <span class='ocrx_word' id='word_1_43' title='bbox 1245 847 1398 915; x_wconf 90' lang='lat' dir='ltr'><strong>eiusdem</strong></span> 
     </span>
     <span class='ocr_line' id='line_1_7' title="bbox 266 953 1397 1038; baseline -0.004 -15"><span class='ocrx_word' id='word_1_44' title='bbox 266 957 403 1024; x_wconf 84' lang='lat' dir='ltr'><strong>Oomitis</strong></span> <span class='ocrx_word' id='word_1_45' title='bbox 419 955 586 1038; x_wconf 86' lang='lat' dir='ltr'><strong>lobannis,</strong></span> <span class='ocrx_word' id='word_1_46' title='bbox 608 973 722 1022; x_wconf 89' lang='lat' dir='ltr'><strong>omnes</strong></span> <span class='ocrx_word' id='word_1_47' title='bbox 737 953 822 1024; x_wconf 88' lang='lat' dir='ltr'><strong>sliss</strong></span> <span class='ocrx_word' id='word_1_48' title='bbox 848 953 1010 1022; x_wconf 69' lang='lat' dir='ltr'><strong>utilitates</strong></span> <span class='ocrx_word' id='word_1_49' title='bbox 1035 961 1068 1022; x_wconf 92' lang='lat' dir='ltr'><strong>et</strong></span> <span class='ocrx_word' id='word_1_50' title='bbox 1093 954 1219 1021; x_wconf 70' lang='lat' dir='ltr'><strong>ductus</strong></span> <span class='ocrx_word' id='word_1_51' title='bbox 1244 953 1397 1021; x_wconf 88' lang='lat' dir='ltr'><strong>ciusdem</strong></span> 
     </span>
     <span class='ocr_line' id='line_1_8' title="bbox 266 1061 1398 1151; baseline -0.004 -18"><span class='ocrx_word' id='word_1_52' title='bbox 266 1065 488 1151; x_wconf 72' lang='lat' dir='ltr'><strong>possessionis</strong></span> <span class='ocrx_word' id='word_1_53' title='bbox 514 1063 672 1148; x_wconf 79' lang='lat' dir='ltr'><strong>(loasnya</strong></span> <span class='ocrx_word' id='word_1_54' title='bbox 695 1061 868 1130; x_wconf 89' lang='lat' dir='ltr'><strong>simuloum</strong></span> <span class='ocrx_word' id='word_1_55' title='bbox 902 1063 1048 1130; x_wconf 89' lang='lat' dir='ltr'><strong>ecclesis</strong></span> <span class='ocrx_word' id='word_1_56' title='bbox 1070 1061 1254 1148; x_wconf 86' lang='lat' dir='ltr'><strong>parochiali</strong></span> <span class='ocrx_word' id='word_1_57' title='bbox 1279 1063 1314 1128; x_wconf 91' lang='lat' dir='ltr'><strong>in</strong></span> <span class='ocrx_word' id='word_1_58' title='bbox 1338 1081 1398 1128; x_wconf 77' lang='lat' dir='ltr'><strong>es-</strong></span> 
     </span>
     <span class='ocr_line' id='line_1_9' title="bbox 267 1165 1399 1257; baseline -0.002 -19"><span class='ocrx_word' id='word_1_59' title='bbox 267 1171 342 1238; x_wconf 89' lang='lat' dir='ltr'><strong>dem</strong></span> <span class='ocrx_word' id='word_1_60' title='bbox 360 1170 519 1257; x_wconf 81' lang='lat' dir='ltr'><strong>Oosunya</strong></span> <span class='ocrx_word' id='word_1_61' title='bbox 534 1169 682 1236; x_wconf 83' lang='lat' dir='ltr'><strong>habitem</strong></span> <span class='ocrx_word' id='word_1_62' title='bbox 698 1165 805 1257; x_wconf 80' lang='lat' dir='ltr'><strong>(igy),</strong></span> <span class='ocrx_word' id='word_1_63' title='bbox 836 1171 999 1254; x_wconf 86' lang='lat' dir='ltr'><strong>equaliter</strong></span> <span class='ocrx_word' id='word_1_64' title='bbox 1029 1177 1062 1236; x_wconf 94' lang='lat' dir='ltr'><strong>ct</strong></span> <span class='ocrx_word' id='word_1_65' title='bbox 1091 1169 1297 1254; x_wconf 84' lang='lat' dir='ltr'><strong>unanimiter,</strong></span> <span class='ocrx_word' id='word_1_66' title='bbox 1326 1175 1399 1236; x_wconf 79' lang='lat' dir='ltr'><strong>tam</strong></span> 
     </span>
     <span class='ocr_line' id='line_1_10' title="bbox 266 1275 1397 1364; baseline -0.001 -21"><span class='ocrx_word' id='word_1_67' title='bbox 266 1277 331 1362; x_wconf 87' lang='lat' dir='ltr'><strong>ipsi</strong></span> <span class='ocrx_word' id='word_1_68' title='bbox 346 1296 445 1360; x_wconf 87' lang='lat' dir='ltr'><strong>quam</strong></span> <span class='ocrx_word' id='word_1_69' title='bbox 471 1278 570 1343; x_wconf 88' lang='lat' dir='ltr'><strong>etiam</strong></span> <span class='ocrx_word' id='word_1_70' title='bbox 595 1275 789 1360; x_wconf 77' lang='lat' dir='ltr'><strong>iobsgiones</strong></span> <span class='ocrx_word' id='word_1_71' title='bbox 822 1275 1008 1344; x_wconf 88' lang='lat' dir='ltr'><strong>eorumdem</strong></span> <span class='ocrx_word' id='word_1_72' title='bbox 1040 1276 1248 1364; x_wconf 85' lang='lat' dir='ltr'><strong>possiderent</strong></span> <span class='ocrx_word' id='word_1_73' title='bbox 1276 1283 1310 1342; x_wconf 90' lang='lat' dir='ltr'><strong>et</strong></span> <span class='ocrx_word' id='word_1_74' title='bbox 1333 1277 1397 1342; x_wconf 83' lang='lat' dir='ltr'><strong>ba·</strong></span> 
     </span>
     <span class='ocr_line' id='line_1_11' title="bbox 267 1383 1397 1469; baseline -0.002 -19"><span class='ocrx_word' id='word_1_75' title='bbox 267 1385 391 1450; x_wconf 87' lang='lat' dir='ltr'><strong>berent</strong></span> <span class='ocrx_word' id='word_1_76' title='bbox 429 1385 624 1450; x_wconf 87' lang='lat' dir='ltr'><strong>Asssrentcs</strong></span> <span class='ocrx_word' id='word_1_77' title='bbox 655 1383 771 1468; x_wconf 83' lang='lat' dir='ltr'><strong>eciam,</strong></span> <span class='ocrx_word' id='word_1_78' title='bbox 789 1383 879 1469; x_wconf 87' lang='lat' dir='ltr'><strong>quod</strong></span> <span class='ocrx_word' id='word_1_79' title='bbox 913 1385 1053 1468; x_wconf 85' lang='lat' dir='ltr'><strong>quilibet</strong></span> <span class='ocrx_word' id='word_1_80' title='bbox 1076 1383 1222 1469; x_wconf 90' lang='lat' dir='ltr'><strong>ipsorum</strong></span> <span class='ocrx_word' id='word_1_81' title='bbox 1248 1403 1270 1450; x_wconf 83' lang='lat' dir='ltr'><strong>a</strong></span> <span class='ocrx_word' id='word_1_82' title='bbox 1294 1383 1397 1450; x_wconf 92' lang='lat' dir='ltr'><strong>modo</strong></span> 
     </span>
    </p>
   </div>
   <div class='ocr_carea' id='block_1_5' title="bbox 269 1488 1534 1578">
    <p class='ocr_par' dir='ltr' id='par_1_5' title="bbox 269 1488 1534 1578">
     <span class='ocr_line' id='line_1_12' title="bbox 269 1488 1534 1578; baseline 0.001 -23"><span class='ocrx_word' id='word_1_83' title='bbox 269 1489 428 1573; x_wconf 87' lang='lat' dir='ltr'><strong>quidquid</strong></span> <span class='ocrx_word' id='word_1_84' title='bbox 438 1510 459 1555; x_wconf 90' lang='lat' dir='ltr'><strong>a</strong></span> <span class='ocrx_word' id='word_1_85' title='bbox 470 1488 575 1572; x_wconf 76' lang='lat' dir='ltr'><strong>Regia</strong></span> <span class='ocrx_word' id='word_1_86' title='bbox 593 1489 795 1556; x_wconf 80' lang='lat' dir='ltr'><strong>excellencia</strong></span> <span class='ocrx_word' id='word_1_87' title='bbox 811 1509 881 1556; x_wconf 91' lang='lat' dir='ltr'><strong>cum</strong></span> <span class='ocrx_word' id='word_1_88' title='bbox 899 1491 1049 1557; x_wconf 90' lang='lat' dir='ltr'><strong>serviciis</strong></span> <span class='ocrx_word' id='word_1_89' title='bbox 1065 1489 1134 1556; x_wconf 90' lang='lat' dir='ltr'><strong>suis</strong></span> <span class='ocrx_word' id='word_1_90' title='bbox 1150 1491 1398 1576; x_wconf 83' lang='lat' dir='ltr'><strong>promeriturus,</strong></span> <span class='ocrx_word' id='word_1_91' title='bbox 1533 1565 1534 1578; x_wconf 11' lang='grc' dir='ltr'>χ</span> 
     </span>
    </p>
   </div>
   <div class='ocr_carea' id='block_1_6' title="bbox 267 1596 1399 2538">
    <p class='ocr_par' dir='ltr' id='par_1_6' title="bbox 267 1596 1399 2538">
     <span class='ocr_line' id='line_1_13' title="bbox 267 1596 1397 1683; baseline -0.004 -19"><span class='ocrx_word' id='word_1_92' title='bbox 267 1603 326 1664; x_wconf 87' lang='lat' dir='ltr'><strong>aut</strong></span> <span class='ocrx_word' id='word_1_93' title='bbox 341 1597 438 1662; x_wconf 88' lang='lat' dir='ltr'><strong>rebus</strong></span> <span class='ocrx_word' id='word_1_94' title='bbox 458 1597 527 1664; x_wconf 91' lang='lat' dir='ltr'><strong>suis</strong></span> <span class='ocrx_word' id='word_1_95' title='bbox 551 1597 771 1665; x_wconf 74' lang='lat' dir='ltr'><strong>mediantibus</strong></span> <span class='ocrx_word' id='word_1_96' title='bbox 797 1597 947 1683; x_wconf 88' lang='lat' dir='ltr'><strong>optinere</strong></span> <span class='ocrx_word' id='word_1_97' title='bbox 972 1603 1029 1662; x_wconf 87' lang='lat' dir='ltr'><strong>eut</strong></span> <span class='ocrx_word' id='word_1_98' title='bbox 1053 1596 1176 1664; x_wconf 82' lang='lat' dir='ltr'><strong>bebere</strong></span> <span class='ocrx_word' id='word_1_99' title='bbox 1201 1605 1333 1682; x_wconf 88' lang='lat' dir='ltr'><strong>posset,</strong></span> <span class='ocrx_word' id='word_1_100' title='bbox 1362 1598 1397 1661; x_wconf 93' lang='lat' dir='ltr'><strong>in</strong></span> 
     </span>
     <span class='ocr_line' id='line_1_14' title="bbox 268 1701 1398 1790; baseline -0.004 -18"><span class='ocrx_word' id='word_1_101' title='bbox 268 1723 360 1772; x_wconf 88' lang='lat' dir='ltr'><strong>suum</strong></span> <span class='ocrx_word' id='word_1_102' title='bbox 374 1703 541 1789; x_wconf 90' lang='lat' dir='ltr'><strong>proprium</strong></span> <span class='ocrx_word' id='word_1_103' title='bbox 557 1723 652 1772; x_wconf 88' lang='lat' dir='ltr'><strong>usum</strong></span> <span class='ocrx_word' id='word_1_104' title='bbox 666 1701 857 1771; x_wconf 83' lang='lat' dir='ltr'><strong>observaret</strong></span> <span class='ocrx_word' id='word_1_105' title='bbox 872 1726 881 1788; x_wconf 80' lang='lat'>3</span> <span class='ocrx_word' id='word_1_106' title='bbox 897 1703 1094 1790; x_wconf 76' lang='lat' dir='ltr'><strong>obligantes,</strong></span> <span class='ocrx_word' id='word_1_107' title='bbox 1111 1723 1148 1770; x_wconf 90' lang='lat' dir='ltr'><strong>se</strong></span> <span class='ocrx_word' id='word_1_108' title='bbox 1164 1711 1199 1770; x_wconf 92' lang='lat' dir='ltr'><strong>ut</strong></span> <span class='ocrx_word' id='word_1_109' title='bbox 1214 1708 1242 1771; x_wconf 92' lang='lat' dir='ltr'><strong>si</strong></span> <span class='ocrx_word' id='word_1_110' title='bbox 1259 1705 1330 1787; x_wconf 89' lang='lat' dir='ltr'><strong>quis</strong></span> <span class='ocrx_word' id='word_1_111' title='bbox 1346 1705 1398 1788; x_wconf 92' lang='lat' dir='ltr'><strong>ip-</strong></span> 
     </span>
     <span class='ocr_line' id='line_1_15' title="bbox 272 1810 1397 1896; baseline -0.002 -18"><span class='ocrx_word' id='word_1_112' title='bbox 272 1829 379 1880; x_wconf 89' lang='lat' dir='ltr'><strong>sorum</strong></span> <span class='ocrx_word' id='word_1_113' title='bbox 396 1810 580 1895; x_wconf 85' lang='lat' dir='ltr'><strong>predictam</strong></span> <span class='ocrx_word' id='word_1_114' title='bbox 597 1811 843 1877; x_wconf 75' lang='lat' dir='ltr'><strong>ordinacionem</strong></span> <span class='ocrx_word' id='word_1_115' title='bbox 860 1829 1019 1876; x_wconf 88' lang='lat' dir='ltr'><strong>reuocare</strong></span> <span class='ocrx_word' id='word_1_116' title='bbox 1045 1811 1253 1896; x_wconf 86' lang='lat' dir='ltr'><strong>intenderet,</strong></span> <span class='ocrx_word' id='word_1_117' title='bbox 1281 1813 1315 1877; x_wconf 92' lang='lat' dir='ltr'><strong>in</strong></span> <span class='ocrx_word' id='word_1_118' title='bbox 1340 1813 1397 1876; x_wconf 93' lang='lat' dir='ltr'><strong>iu·</strong></span> 
     </span>
     <span class='ocr_line' id='line_1_16' title="bbox 271 1916 1394 2006; baseline 0.003 -22"><span class='ocrx_word' id='word_1_119' title='bbox 271 1916 356 1984; x_wconf 92' lang='lat' dir='ltr'><strong>dicio</strong></span> <span class='ocrx_word' id='word_1_120' title='bbox 372 1937 431 1984; x_wconf 89' lang='lat' dir='ltr'><strong>seu</strong></span> <span class='ocrx_word' id='word_1_121' title='bbox 449 1935 535 2004; x_wconf 84' lang='lat' dir='ltr'><strong>pene</strong></span> <span class='ocrx_word' id='word_1_122' title='bbox 551 1919 788 2003; x_wconf 81' lang='lat' dir='ltr'><strong>quinquaginta</strong></span> <span class='ocrx_word' id='word_1_123' title='bbox 803 1937 985 1984; x_wconf 76' lang='lat' dir='ltr'><strong>maresium</strong></span> <span class='ocrx_word' id='word_1_124' title='bbox 1002 1918 1197 1988; x_wconf 82' lang='lat' dir='ltr'><strong>subiaceret</strong></span> <span class='ocrx_word' id='word_1_125' title='bbox 1215 1919 1319 2006; x_wconf 88' lang='lat' dir='ltr'><strong>Super</strong></span> <span class='ocrx_word' id='word_1_126' title='bbox 1328 1919 1394 1987; x_wconf 91' lang='lat' dir='ltr'><strong>boc</strong></span> 
     </span>
     <span class='ocr_line' id='line_1_17' title="bbox 269 2027 1394 2112; baseline 0.005 -24"><span class='ocrx_word' id='word_1_127' title='bbox 269 2027 372 2092; x_wconf 86' lang='lat' dir='ltr'><strong>eciam</strong></span> <span class='ocrx_word' id='word_1_128' title='bbox 389 2045 466 2092; x_wconf 88' lang='lat' dir='ltr'><strong>suos</strong></span> <span class='ocrx_word' id='word_1_129' title='bbox 492 2046 701 2094; x_wconf 86' lang='lat' dir='ltr'><strong>successores</strong></span> <span class='ocrx_word' id='word_1_130' title='bbox 718 2027 867 2093; x_wconf 89' lang='lat' dir='ltr'><strong>similiter</strong></span> <span class='ocrx_word' id='word_1_131' title='bbox 883 2027 1079 2112; x_wconf 76' lang='lat' dir='ltr'><strong>obligarunt.</strong></span> <span class='ocrx_word' id='word_1_132' title='bbox 1101 2029 1138 2093; x_wconf 92' lang='lat' dir='ltr'><strong>In</strong></span> <span class='ocrx_word' id='word_1_133' title='bbox 1156 2029 1226 2095; x_wconf 90' lang='lat' dir='ltr'><strong>cuis</strong></span> <span class='ocrx_word' id='word_1_134' title='bbox 1242 2029 1289 2094; x_wconf 87' lang='lat' dir='ltr'><strong>rei</strong></span> <span class='ocrx_word' id='word_1_135' title='bbox 1305 2029 1394 2096; x_wconf 88' lang='lat' dir='ltr'><strong>testi-</strong></span> 
     </span>
     <span class='ocr_line' id='line_1_18' title="bbox 270 2132 1398 2220; baseline 0.002 -22"><span class='ocrx_word' id='word_1_136' title='bbox 270 2133 409 2198; x_wconf 91' lang='lat' dir='ltr'><strong>monium</strong></span> <span class='ocrx_word' id='word_1_137' title='bbox 426 2141 682 2219; x_wconf 77' lang='lat' dir='ltr'><strong>perpetuamque</strong></span> <span class='ocrx_word' id='word_1_138' title='bbox 698 2132 883 2200; x_wconf 80' lang='lat' dir='ltr'><strong>firmitatem</strong></span> <span class='ocrx_word' id='word_1_139' title='bbox 908 2143 1079 2220; x_wconf 89' lang='lat' dir='ltr'><strong>presentes</strong></span> <span class='ocrx_word' id='word_1_140' title='bbox 1107 2135 1237 2202; x_wconf 84' lang='lat' dir='ltr'><strong>litteras</strong></span> <span class='ocrx_word' id='word_1_141' title='bbox 1263 2143 1398 2202; x_wconf 85' lang='lat' dir='ltr'><strong>nostras</strong></span> 
     </span>
     <span class='ocr_line' id='line_1_19' title="bbox 273 2239 1398 2324; baseline 0.003 -21"><span class='ocrx_word' id='word_1_142' title='bbox 273 2241 495 2306; x_wconf 78' lang='lat' dir='ltr'><strong>concessimus</strong></span> <span class='ocrx_word' id='word_1_143' title='bbox 505 2239 680 2324; x_wconf 87' lang='lat' dir='ltr'><strong>pendentis</strong></span> <span class='ocrx_word' id='word_1_144' title='bbox 691 2239 792 2324; x_wconf 82' lang='lat' dir='ltr'><strong>sigilli</strong></span> <span class='ocrx_word' id='word_1_145' title='bbox 808 2241 911 2308; x_wconf 90' lang='lat' dir='ltr'><strong>nostri</strong></span> <span class='ocrx_word' id='word_1_146' title='bbox 927 2241 1102 2308; x_wconf 90' lang='lat' dir='ltr'><strong>munimine</strong></span> <span class='ocrx_word' id='word_1_147' title='bbox 1117 2241 1301 2308; x_wconf 86' lang='lat' dir='ltr'><strong>roboratas.</strong></span> <span class='ocrx_word' id='word_1_148' title='bbox 1328 2241 1398 2307; x_wconf 83' lang='lat' dir='ltr'><strong>Da-</strong></span> 
     </span>
     <span class='ocr_line' id='line_1_20' title="bbox 271 2345 1399 2434; baseline 0.002 -22"><span class='ocrx_word' id='word_1_149' title='bbox 271 2352 340 2412; x_wconf 87' lang='lat' dir='ltr'><strong>tum</strong></span> <span class='ocrx_word' id='word_1_150' title='bbox 356 2366 442 2413; x_wconf 89' lang='lat' dir='ltr'><strong>anuo</strong></span> <span class='ocrx_word' id='word_1_151' title='bbox 458 2347 591 2414; x_wconf 92' lang='lat' dir='ltr'><strong>Domini</strong></span> <span class='ocrx_word' id='word_1_152' title='bbox 623 2349 664 2413; x_wconf 84' lang='lat' dir='ltr'><strong>lt.</strong></span> <span class='ocrx_word' id='word_1_153' title='bbox 683 2347 720 2414; x_wconf 81' lang='lat'><strong>0.</strong></span> <span class='ocrx_word' id='word_1_154' title='bbox 737 2347 772 2413; x_wconf 80' lang='lat' dir='ltr'><strong>C.</strong></span> <span class='ocrx_word' id='word_1_155' title='bbox 795 2349 833 2414; x_wconf 91' lang='lat' dir='ltr'><strong>L.</strong></span> <span class='ocrx_word' id='word_1_156' title='bbox 860 2355 964 2434; x_wconf 87' lang='lat' dir='ltr'><strong>sexto,</strong></span> <span class='ocrx_word' id='word_1_157' title='bbox 1007 2349 1146 2432; x_wconf 88' lang='lat' dir='ltr'><strong>septimo</strong></span> <span class='ocrx_word' id='word_1_158' title='bbox 1177 2347 1306 2415; x_wconf 92' lang='lat' dir='ltr'><strong>decimo</strong></span> <span class='ocrx_word' id='word_1_159' title='bbox 1323 2345 1399 2414; x_wconf 80' lang='lat' dir='ltr'><strong>kal.</strong></span> 
     </span>
     <span class='ocr_line' id='line_1_21' title="bbox 269 2451 1397 2538; baseline 0.005 -22"><span class='ocrx_word' id='word_1_160' title='bbox 269 2451 401 2535; x_wconf 76' lang='lat' dir='ltr'><strong>Aprilis.</strong></span> <span class='ocrx_word' id='word_1_161' title='bbox 439 2451 598 2536; x_wconf 78' lang='lat' dir='ltr'><strong>Magistro</strong></span> <span class='ocrx_word' id='word_1_162' title='bbox 630 2453 815 2538; x_wconf 76' lang='lat' dir='ltr'><strong>Smaragdo</strong></span> <span class='ocrx_word' id='word_1_163' title='bbox 846 2455 995 2524; x_wconf 77' lang='lat' dir='ltr'><strong>Ecclesie</strong></span> <span class='ocrx_word' id='word_1_164' title='bbox 1025 2464 1137 2523; x_wconf 89' lang='lat' dir='ltr'><strong>nostre</strong></span> <span class='ocrx_word' id='word_1_165' title='bbox 1168 2457 1292 2538; x_wconf 81' lang='lat' dir='ltr'><strong>Electo,</strong></span> <span class='ocrx_word' id='word_1_166' title='bbox 1318 2457 1397 2522; x_wconf 85' lang='lat' dir='ltr'><strong>sule</strong></span> 
     </span>
    </p>
   </div>
   <div class='ocr_carea' id='block_1_7' title="bbox 270 2539 1533 2733">
    <p class='ocr_par' dir='ltr' id='par_1_7' title="bbox 270 2539 1533 2733">
     <span class='ocr_line' id='line_1_22' title="bbox 270 2539 1533 2730; baseline 0.008 -107"><span class='ocrx_word' id='word_1_167' title='bbox 270 2559 372 2644; x_wconf 66' lang='lat' dir='ltr'><strong>Regio</strong></span> <span class='ocrx_word' id='word_1_168' title='bbox 402 2557 717 2730; x_wconf 34' lang='lat' dir='ltr'><strong>Vim-Cancellsrio,</strong></span> <span class='ocrx_word' id='word_1_169' title='bbox 750 2558 877 2630; x_wconf 87' lang='lat' dir='ltr'><strong>Jacobo</strong></span> <span class='ocrx_word' id='word_1_170' title='bbox 903 2563 1054 2647; x_wconf 83' lang='lat' dir='ltr'><strong>Centone,</strong></span> <span class='ocrx_word' id='word_1_171' title='bbox 1089 2563 1226 2650; x_wconf 73' lang='lat' dir='ltr'><strong>Mathya</strong></span> <span class='ocrx_word' id='word_1_172' title='bbox 1250 2561 1398 2632; x_wconf 77' lang='lat' dir='ltr'><strong>Custode</strong></span> <span class='ocrx_word' id='word_1_173' title='bbox 1531 2539 1533 2548; x_wconf 70' lang='lat'><em>,</em></span> 
     </span>
     <span class='ocr_line' id='line_1_23' title="bbox 274 2665 501 2733; baseline 0.004 -2"><span class='ocrx_word' id='word_1_174' title='bbox 274 2665 431 2732; x_wconf 86' lang='lat' dir='ltr'><strong>existenti</strong></span> <span class='ocrx_word' id='word_1_175' title='bbox 454 2686 501 2733; x_wconf 91' lang='lat' dir='ltr'><strong>us.</strong></span> 
     </span>
    </p>
   </div>
   <div class='ocr_carea' id='block_1_8' title="bbox 270 2825 1401 3080">
    <p class='ocr_par' dir='ltr' id='par_1_8' title="bbox 270 2825 1401 3080">
     <span class='ocr_line' id='line_1_24' title="bbox 376 2825 1395 2904; baseline 0.008 -25"><span class='ocrx_word' id='word_1_176' title='bbox 376 2827 485 2898; x_wconf 67' lang='lat' dir='ltr'><strong>szpsat.</strong></span> <span class='ocrx_word' id='word_1_177' title='bbox 508 2825 691 2900; x_wconf 76' lang='lat' dir='ltr'><strong>Bdrbdrtydn</strong></span> <span class='ocrx_word' id='word_1_178' title='bbox 703 2827 765 2885; x_wconf 82' lang='lat' dir='ltr'><strong>lale</strong></span> <span class='ocrx_word' id='word_1_179' title='bbox 776 2827 911 2900; x_wconf 78' lang='lat' dir='ltr'><strong>pslciny,</strong></span> <span class='ocrx_word' id='word_1_180' title='bbox 924 2829 1056 2902; x_wconf 77' lang='lat' dir='ltr'><strong>molynsk</strong></span> <span class='ocrx_word' id='word_1_181' title='bbox 1069 2831 1128 2886; x_wconf 81' lang='lat' dir='ltr'><strong>alul</strong></span> <span class='ocrx_word' id='word_1_182' title='bbox 1150 2830 1300 2904; x_wconf 76' lang='lat' dir='ltr'><strong>iblbnjtott</strong></span> <span class='ocrx_word' id='word_1_183' title='bbox 1311 2833 1395 2887; x_wconf 77' lang='lat' dir='ltr'><strong>besa·</strong></span> 
     </span>
     <span class='ocr_line' id='line_1_25' title="bbox 270 2909 1401 2992; baseline 0.011 -24"><span class='ocrx_word' id='word_1_184' title='bbox 270 2909 404 2971; x_wconf 73' lang='lat' dir='ltr'><strong>ddkaibdl</strong></span> <span class='ocrx_word' id='word_1_185' title='bbox 417 2933 435 2970; x_wconf 84' lang='lat' dir='ltr'><strong>a</strong></span> <span class='ocrx_word' id='word_1_186' title='bbox 447 2915 586 2988; x_wconf 76' lang='lat' dir='ltr'><strong>kdptalan</strong></span> <span class='ocrx_word' id='word_1_187' title='bbox 598 2916 733 2988; x_wconf 79' lang='lat' dir='ltr'><strong>nsgyobb</strong></span> <span class='ocrx_word' id='word_1_188' title='bbox 745 2917 861 2990; x_wconf 70' lang='lat' dir='ltr'><strong>pacsdte</strong></span> <span class='ocrx_word' id='word_1_189' title='bbox 873 2919 940 2975; x_wconf 84' lang='lat' dir='ltr'><strong>zdld</strong></span> <span class='ocrx_word' id='word_1_190' title='bbox 951 2919 982 2977; x_wconf 78' lang='lat' dir='ltr'><strong>ds</strong></span> <span class='ocrx_word' id='word_1_191' title='bbox 994 2919 1093 2992; x_wconf 86' lang='lat' dir='ltr'><strong>ibolys</strong></span> <span class='ocrx_word' id='word_1_192' title='bbox 1114 2921 1196 2975; x_wconf 79' lang='lat' dir='ltr'><strong>asinii</strong></span> <span class='ocrx_word' id='word_1_193' title='bbox 1219 2921 1333 2978; x_wconf 89' lang='lat' dir='ltr'><strong>sodrott</strong></span> <span class='ocrx_word' id='word_1_194' title='bbox 1352 2939 1401 2980; x_wconf 87' lang='lat' dir='ltr'><strong>se·</strong></span> 
     </span>
     <span class='ocr_line' id='line_1_26' title="bbox 270 2997 999 3080; baseline 0.014 -24"><span class='ocrx_word' id='word_1_195' title='bbox 270 3003 393 3072; x_wconf 79' lang='lat' dir='ltr'><strong>lyemrdl</strong></span> <span class='ocrx_word' id='word_1_196' title='bbox 406 3001 487 3076; x_wconf 75' lang='lat' dir='ltr'><strong>fdgg.</strong></span> <span class='ocrx_word' id='word_1_197' title='bbox 513 3002 640 3061; x_wconf 56' lang='lat' dir='ltr'><strong>Misolts</strong></span> <span class='ocrx_word' id='word_1_198' title='bbox 651 3005 881 3065; x_wconf 68' lang='lat' dir='ltr'><strong>Horvdtlstvdn.</strong></span> <span class='ocrx_word' id='word_1_199' title='bbox 915 2997 999 3080; x_wconf 59' lang='grc' dir='ltr'><strong>Μ’.</strong></span> 
     </span>
    </p>
   </div>
   <div class='ocr_carea' id='block_1_9' title="bbox 0 0 1587 5038">
    <p class='ocr_par' dir='ltr' id='par_1_9' title="bbox 0 0 1587 5038">
     <span class='ocr_line' id='line_1_27' title="bbox 0 0 1587 5038; baseline 0 0"><span class='ocrx_word' id='word_1_200' title='bbox 0 0 1587 5038; x_wconf 95' lang='lat' dir='ltr'><strong> </strong></span> 
     </span>
    </p>
   </div>
  </div>
 </body>
</html>
