3154 5030
623 301 780 404 ms—

137 501 246 588 ipsum
272 500 435 586 negotium
460 501 609 570 uolumus
633 501 789 568 inmotum
814 496 846 563 in
873 501 960 564 statu
979 495 1118 583 pristino
1134 515 1264 583 perma-

137 626 226 694 nere,
243 609 292 676 ita
308 607 396 693 qnod
412 629 454 676 ex
468 609 564 676 buius
580 607 811 694 prorogatione
828 605 932 676 nentri
947 605 1034 691 parti
1049 599 1265 690 preludicinm
1365 641 1368 646 -

138 721 324 800 generetur.

248 837 355 894 xxrv.
368 835 395 909 (r
407 837 499 904 1241.)

249 929 288 994 F.
305 927 369 995 Dei
384 930 495 1012 gracia
511 929 642 996 humilis
658 926 772 995 Abbas
791 928 961 995 Scotorum
986 924 1021 991 in
1046 921 1202 1007 Wienna,
1229 919 1265 988 (l.

141 1036 332 1123 Propositus
349 1043 382 1102 et
397 1037 435 1102 F.
451 1037 605 1105 Decanns
621 1033 880 1119 Nirnburgensis
904 1031 1026 1100 iudices
1042 1051 1064 1097 a
1079 1028 1165 1098 Sede
1180 1031 1266 1115 Apo·

141 1144 261 1211 stolica
276 1143 423 1228 delegati
436 1143 537 1211 nobili
553 1145 622 1211 uiro
639 1143 770 1210 domino
786 1143 837 1210 W.
853 1143 895 1210 de
911 1143 998 1208 Pest.
1031 1140 1113 1208 dnm
1133 1143 1266 1224 propter
1338 1177 1340 1181 ι

143 1253 329 1333 generalem
344 1252 477 1320 Austris
493 1252 708 1321 turbationem
724 1271 764 1319 ac
775 1252 902 1320 uiarum
912 1247 1101 1316 discrimina
1109 1247 1144 1314 in
1154 1263 1265 1329 cansa,

144 1379 209 1443 qne
233 1360 399 1432 internos
425 1369 458 1429 et
483 1361 645 1430 Abbatem
671 1369 704 1428 et
727 1361 926 1428 Contentum
942 1343 1131 1424 llonasterli
1147 1355 1265 1423 Sancte

146 1465 259 1535 Orncis
275 1472 411 1537 uertitur
425 1520 435 1555 ,
448 1470 531 1538 sicut
546 1469 674 1556 plenius
690 1465 918 1551 intellexistis,
943 1483 1043 1548 qnam
1067 1482 1108 1530 ex
1133 1461 1265 1546 delege-

145 1574 236 1641 tione
249 1576 439 1660 Apostoliea
452 1577 654 1662 suscepimus
669 1575 920 1658 terminandam,
935 1571 1112 1657 procedere
1128 1590 1193 1636 non
1210 1589 1266 1656 po·

146 1681 308 1748 tuerimns
317 1731 327 1764 ,
352 1683 444 1750 nobis
471 1683 647 1752 direximus
664 1683 787 1768 scripta
803 1689 914 1749 nostre
930 1681 989 1750 snb
1005 1679 1068 1747 bac
1084 1677 1209 1762 forma,
1231 1682 1267 1742 nt

146 1786 264 1854 eadem
280 1807 381 1857 cansa
397 1791 430 1856 in
446 1791 676 1877 statuemus,
692 1791 726 1858 in
742 1807 806 1876 qno
821 1797 899 1857 tunc
912 1793 994 1874 erat,
1004 1785 1201 1874 perdurante
1210 1803 1266 1851 ex·

144 1904 280 1981 pectere
297 1898 428 1966 anobis
445 1901 632 1968 citationem
647 1900 749 1967 aliam
764 1897 940 1967 deberetis.
959 1897 1098 1980 Verum,
1116 1895 1195 1978 qnia
1209 1911 1267 1978 per

143 2004 211 2070 Dei
226 2005 370 2088 graciam
386 2006 547 2091 pessimus
572 2007 718 2094 predicte
737 2013 825 2076 terre
842 2011 947 2074 status
962 2003 1198 2086 aliquantulum
1216 2005 1268 2066 cst

142 2112 178 2176 in
194 2113 309 2180 melius
325 2113 536 2198 reformatus,
561 2135 621 2182 nos
645 2113 836 2183 mandatum
852 2112 1078 2198 Apostolieum
1096 2109 1266 2195 negligere

142 2237 212 2284 non
236 2219 396 2288 audentes
421 2222 638 2306 peremptorie
663 2241 722 2287 nos
748 2221 885 2287 citamus
908 2217 1146 2286 districtissime
1163 2214 1267 2302 preci·

140 2326 285 2412 piendo,
309 2329 463 2412 quatinus
487 2329 521 2394 in
546 2329 694 2414 proximo
720 2329 806 2396 testo
822 2325 943 2394 Galixti
958 2325 1067 2412 Pape,
1093 2323 1123 2390 id
1142 2330 1192 2391 est
1206 2323 1266 2390 11⁰.

139 2433 224 2500 Idus
250 2429 421 2519 Octobris,
446 2433 645 2504 Hcimburch
660 2435 694 2502 in
711 2434 852 2520 eeclesia
867 2433 1064 2520 parrochiali
1081 2430 1268 2516 conspectui

139 2547 258 2608 nostro
272 2561 334 2608 uos
349 2541 381 2606 in
397 2543 532 2628 proprie
547 2563 687 2630 persona
702 2544 757 2612 uel
772 2563 832 2630 per
847 2547 1088 2630 procuratorem
1105 2538 1268 2608 sufficien-

139 2655 195 2715 ter
211 2649 401 2716 instructum
415 2659 606 2737 presentare
621 2651 805 2720 nullatenus
816 2649 983 2735 omittetis,
994 2647 1137 2735 predicto
1146 2643 1269 2714 Abbati

138 2763 175 2822 et
191 2755 372 2824 concentui
387 2755 531 2826 finaliter
546 2778 645 2845 snper
655 2758 723 2826 suis
734 2757 944 2843 querimoniis
953 2774 1177 2843 responsuros,
1188 2754 1268 2820 alio·

137 2862 226 2945 quin
243 2863 396 2947 quatinus
412 2859 454 2931 dc
468 2865 538 2935 inre
553 2865 754 2951 potuerimus
769 2866 1032 2952 procederemus.

136 3127 203 3203 (An
218 3127 329 3187 eredeti
340 3125 411 3185 utdn
424 3127 519 3187 Weiss
532 3127 691 3188 Urknnden
704 3129 755 3188 des
768 3129 869 3188 Stiltes
881 3127 1019 3202 Heiligen
1031 3130 1157 3201 Krsutn,
1178 3127 1268 3186 nct-

327 3219 390 3275 eod.
404 3220 434 3279 ll.
446 3221 481 3280 V.
495 3225 522 3279 b.
535 3239 553 3280 a
564 3219 670 3281 fenebb
682 3221 726 3280 23.
741 3239 783 3280 sa.
795 3239 822 3280 a.
835 3221 934 3280 kbnblt
947 3219 1107 3296 okmdnyt)

577 3518 843 3536 m
