3154 5030
710 255 867 358 ...3³-
926 329 931 338 -

223 475 294 522 rum
310 454 461 537 queniam
479 452 593 518 Abbas
618 459 650 518 et
675 451 873 520 Conventus·
885 453 1026 540 sepefati
1041 455 1207 539 proprium
1223 456 1346 522 nullum

220 560 405 630 habeut'ad
420 559 603 630 huiusmodi
618 562 783 648 negotium
798 563 1069 650 prosequendam,
1082 562 1207 630 duobus
1224 565 1276 632 vel
1292 565 1347 630 tri-

221 669 282 736 bus
298 690 339 736 ex
355 669 437 754 ipsis
453 669 535 752 iilud
550 671 822 754 prosequentibus
839 671 881 748 de
897 669 1170 756 bonusepedioti
1186 677 1347 737 monaste·

221 777 262 844 rii
276 777 464 844 moderatas
479 777 659 845 ministrari
676 777 805 853 facistis
821 795 1007 864 expensas,
1032 796 1072 844 ea
1097 797 1160 860 que
1186 778 1230 844 de
1254 779 1348 844 bonis

220 885 324 970 ipsius
341 884 532 951 monasterii
548 885 696 954 alienata
711 885 902 952 inveneritis
919 879 1033 950 illicite
1049 905 1088 950 ae
1105 883 1268 970 dissipata
1275 915 1293 968 ,¹
1306 886 1349 950 ad

222 994 323 1060 ius'et
337 991 570 1077 proprietatem
587 991 691 1078 ipsius
706 993 887 1078 legitimam
904 1001 1115 1078 revocantes,
1133 993 1347 1060 contradicto-

223 1118 277 1167 res
294 1108 355 1166 etc.
383 1099 533 1186 proviso«,
560 1121 602 1167 ne
618 1102 652 1170 ,iu
669 1091 788 1168 terram
804 1103 882 1168 dicti
898 1102 1018 1168 nobilis
1034 1109 1096 1168 etc.
1128 1101 1223 1180 Quod
1240 1103 1269 1168 si
1285 1120 1349 1166 non

170 1211 173 1218 '
223 1229 337 1276 omnes
354 1215 415 1276 etc.
433 1209 553 1274 Datum
569 1209 725 1276 Laterani
741 1211 800 1277 111.
816 1209 896 1278 Idus
913 1210 1104 1294 Februarii,
1122 1207 1349 1296 (Pontificatns
1469 1221 1478 1253 s

89 1311 99 1329 “
224 1317 326 1383 nosci
343 1337 430 1386 auno
446 1313 522 1395 XI.)

325 1581 390 1652 (rx.
405 1546 532 1654 cergsry
545 1579 622 1653 pepe
635 1571 820 1654 &gestabat
835 1581 961 1639 sperner
974 1583 1011 1638 se.
1025 1583 1055 1638 a.
1067 1581 1088 1635 1.
1102 1581 1129 1636 k.
1144 1579 1204 1637 1a1.
1219 1581 1253 1652 1.)

657 1862 902 1874 ————-—·----

766 2241 768 2248 >
783 2211 839 2276 46.

258 2388 317 2452 ΙΧ.
328 2386 464 2476 Gerpely
473 2392 566 2474 pcipe
582 2389 603 2452 1
608 2388 643 2468 V.
660 2384 742 2452 Belo
757 2387 878 2474 tirelyt
895 2410 916 2452 a
930 2387 1222 2475 kouatantiadpclya'
1237 2389 1333 2470 latin⁴

441 2493 1135 2584 eedszdredpsepitaeperefelszolttju.1238.
1209 2571 1213 2578 .

335 2709 511 2796 Gregorius
536 2709 718 2796 Episcopus
744 2717 805 2776 etc.
827 2710 996 2776 carissimo
1013 2709 1045 2774 in
1063 2710 1191 2778 Christo
1207 2709 1273 2777 filio
1290 2761 1297 2776 .
1316 2763 1351 2798 .‚

226 2820 349 2890 illustri
364 2817 447 2904 Regi
463 2817 606 2900 Ungarie
623 2821 760 2916 salutem
778 2827 840 2884 etc.
866 2817 955 2885 inter
980 2805 1220 2903 occupationes·
1237 2821 1349 2888 varias

227 2937 259 2996 et
275 2928 442 3005 diversas,
468 2932 501 2992 ct
525 2926 649 2992 utinam
675 2946 739 2992 non
766 2925 946 3012 adversas,
973 2946 1055 3010 quas
1081 2915 1189 3012 preter
1207 2928 1349 3012 solitum,

226 3037 324 3102 immo
340 3035 415 3120 plus
433 3033 531 3100 solito
547 3043 606 3118 pro
631 3032 756 3100 malitia
781 3035 936 3117 temporis
962 3035 1179 3116 sustinemus,
1206 3029 1350 3101 itta'nos

227 3144 319 3226 augit
334 3141 475 3228 amplius
492 3149 526 3207 et
542 3143 729 3223 conturbat,
748 3161 810 3224 que
827 3141 871 3205 ad
887 3162 1075 3209 succursum
1092 3142 1224 3225 Imperii
1234 3143 1350 3208 Roma-

226 3250 279 3315 nie
295 3249 516 3334 multipliciter
532 3249 670 3316 lacerati
686 3269 753 3316 nos·
763 3251 885 3314 excitat
901 3255 934 3314 ct
950 3249 1099 3331 impellit.
1115 3247 1202 3316 Nam
1215 3247 1293 3313 ticet
1309 3247 1351 3312 ad

227 3355 429 3438 retinendum
454 3361 561 3442 ipsum
580 3355 755 3441 Imperium
772 3357 815 3422 sit
829 3375 888 3445 per
904 3363 1051 3440 tempora
1067 3354 1289 3438 multipliciter
1305 3357 1351 3420 la-

226 3465 397 3549 boratum;
414 3465 460 3531 ad
476 3465 567 3531 illum
582 3473 694 3529 tamen
709 3460 919 3542 necessitatis
936 3461 1107 3528 articulum
1125 3462 1269 3546 peccatis
1285 3463 1351 3528 exi-
1419 3488 1424 3502 ‘

228 3571 381 3656 gentibus
406 3573 471 3637 iam
497 3570 647 3653 devenit,
673 3575 787 3658 coptra
802 3567 938 3636 Latinos
955 3568 1232 3636 invalescentibus
1247 3570 1350 3636 inimi-

227 3677 285 3762 cis,
303 3687 339 3744 ut
354 3677 417 3745 nisi
433 3677 464 3744 ei
480 3677 673 3761 quantocius
689 3683 906 3762 succurratur,
924 3678 1029 3744 omnis
1041 3695 1117 3763 spes
1127 3669 1351 3761 peritomniuo

227 3805 293 3852 non
309 3787 415 3852 solum
433 3785 476 3873 cie
491 3784 741 3870 recuperatione
757 3785 862 3870 partis
880 3785 1020 3867 amisse,
1048 3803 1158 3850 verum
1184 3783 1284 3850 etiam
1311 3782 1352 3850 de

230 3893 423 3976 defensione
439 3900 586 3979 retente,
608 3893 705 3960 immo
725 3893 851 3960 Latinis
867 3893 989 3986 ibidem
1005 3881 1212 3958 manentibus
1229 3893 1350 3978 irrepa-

230 4003 335 4070 rabile
350 4021 560 4086 personarum
576 4008 609 4068 et
623 4013 731 4068 rernm
747 4000 892 4068 imminet
907 4000 1154 4084 detrimentum,
1178 4005 1210 4066 et
1225 4001 1351 4068 univer-

230 4109 276 4176 sis
291 4110 464 4178 catholicis
480 4108 628 4186 coufusio
645 4116 678 4176 et
694 4109 901 4194 opprobrium
918 4111 1164 4195 sempiternum.
1190 4108 1271 4175 (ium
1287 4108 1351 4193 igi-

226 4225 278 4286 tur
295 4219 514 4302 attendentes,
532 4219 620 4301 quod
635 4219 820 4285 comminor
836 4231 885 4284 cst
900 4219 1005 4287 virtus
1022 4237 1169 4302 querere,
1187 4237 1283 4301 quam
1295 4239 1351 4304 pa-

227 4333 300 4394 rata
315 4327 419 4412 tueri,
445 4333 478 4394 ct
498 4326 585 4410 quod
601 4346 659 4411 per
676 4329 957 4394 conservationem
971 4327 1078 4413 ipsius
1094 4325 1226 4412 Imperii
1241 4324 1285 4390 ad
1299 4345 1352 4393 re-

231 4433 474 4522 cuperationem
489 4441 575 4500 terre
591 4441 705 4501 sancte
730 4435 851 4519 aperiri
875 4437 975 4502 ianua
990 4433 1173 4520 uidebatur,
1192 4431 1351 4516 huiusque

230 4543 370 4613 retentio
395 4542 589 4610 restauratio
615 4549 666 4611 cst
689 4541 796 4626 iilius,
822 4543 867 4610 ad
891 4561 1078 4610 succursum
1095 4543 1165 4608 eius
1182 4539 1351 4626 presertim

1162 4651 1202 4716 60
