3140 5044
657 279 816 386 ..2⁶9⁴

178 477 279 562 sigilli
295 480 398 544 nostri
414 479 588 546 munimine
604 485 779 550 roboratas
804 485 954 552 duximus
970 485 1211 553 concedendae.
1228 487 1296 554 Da·

178 590 246 650 tum
262 585 295 651 in
312 585 427 652 Vaska
444 587 527 653 feria
543 589 658 670 quinta
674 599 749 676 post
765 592 972 660 Dominicam
992 593 1113 659 Latara
1129 613 1215 661 auuc
1232 595 1296 661 Dc-

177 691 256 756 mini
272 692 446 760 millesimo
461 695 688 764 ducentesimo
706 700 980 784 quinquagesimo
996 702 1118 783 quintu.

320 867 466 939 (Eredstie
485 887 503 924 a
521 889 562 926 aa.
582 873 706 930 mdrtcm
724 874 877 948 illapdtstg
896 873 1114 948 levdltdrdbau).

597 1187 865 1201 ῇ--ῡ-ι--ι

173 1926 305 1992 Rolarrd
319 1928 422 1992 aridos·
436 1927 537 2007 itelete
547 1925 804 2013 apacaonlrabni
813 1930 951 2014 npdtsa‘q
963 1930 994 1993 ds
1004 1929 1111 1992 annale
1126 1929 1193 1995 Fere
1207 1929 1290 2018 dely·

425 2035 533 2120 studea
550 2033 627 2098 talc
639 2033 840 2100 cavernosae·
853 2035 935 2100 ledat.
954 2035 1053 2101 1255.

279 2231 348 2296 Nos
364 2229 532 2296 Rolaudus
548 2229 717 2296 Palatinus
734 2237 767 2294 et
783 2230 900 2297 (lomes
917 2231 1128 2300 Poscuieusis
1144 2233 1292 2301 omuibus

172 2343 343 2420 presentes
369 2339 496 2404 litteras
522 2337 717 2421 inspecturis
743 2337 894 2404 duximus
918 2335 1179 2426 significandum,
1205 2340 1293 2422 quod

172 2462 244 2507 cum
260 2443 413 2510 Ecclesia
438 2443 550 2509 Sancti
576 2443 706 2508 Martini
722 2443 763 2508 de
779 2445 888 2509 Monte
914 2443 1082 2510 Pannonis
1097 2447 1292 2513 uduorniccs

172 2549 306 2615 devilia
320 2551 390 2616 Fen
407 2551 617 2617 convenisset
634 2569 743 2615 coram
758 2550 865 2633 nobis,
881 2551 1098 2636 preponebat,
1123 2549 1210 2634 quod
1226 2551 1292 2638 ipsi

172 2639 339 2723 vduornici
353 2669 476 2724 terram
492 2658 650 2740 Ecclesie,
668 2678 766 2740 quam
782 2658 884 2724 habet
899 2657 933 2722 in
949 2665 1036 2724 terre
1048 2659 1194 2725 eiusdem
1210 2661 1292 2726 ville

170 2765 266 2830 metis
291 2765 447 2850 legitimis
473 2773 507 2832 et
530 2765 705 2832 autenticis
736 2765 933 2849 distinctam,
951 2767 1122 2850 possidere
1137 2787 1203 2833 nan
1218 2787 1291 2852 per·

100 2940 103 2946 ,
171 2871 343 2956 mitterent,
363 2879 396 2937 et
411 2880 516 2938 metas
532 2879 616 2938 terre
630 2853 729 2939 ¹illius
755 2892 837 2940 ausu
853 2875 1027 2940 temerario
1044 2873 1291 2942 destruxissent.

171 2979 223 3043 Ad
241 2979 329 3061 quod
345 2979 445 3064 ijdem
473 2980 643 3046 uduornici
658 2978 855 3046 resistebant
879 2979 1043 3062 dicentes,
1066 2981 1153 3064 quod
1169 2987 1291 3049 terram

171 3084 323 3151 Ecclesie
347 3087 434 3153 dicte
464 3107 688 3170 necquaquam
714 3106 872 3172 usurpare
897 3086 1123 3172 intenderent,
1148 3096 1181 3156 et
1205 3095 1291 3154 mete

172 3194 236 3278 ille,
254 3212 336 3275 quae
353 3195 418 3279 ipsi
433 3195 632 3262 destruxisse
649 3197 902 3280 accusabantur,
919 3215 983 3261 nou
1000 3195 1121 3261 fuerint
1134 3194 1291 3280 legitime,

171 3302 231 3368 sed
246 3322 305 3386 per
329 3302 513 3369 Ecclesiam
539 3304 697 3369 violenter
722 3305 859 3369 elevate.
887 3303 1041 3368 Partibus
1068 3301 1167 3384 igitur
1181 3302 1216 3365 in
1232 3301 1292 3368 bec

170 3408 271 3474 verba
288 3409 488 3475 certantibus
503 3411 593 3476 dicta
610 3411 762 3478 Ecclesia
787 3412 1003 3475 instrumenta
1018 3428 1078 3475 sua
1094 3408 1289 3494 superiacto

170 3521 255 3583 terre
272 3517 359 3582 illius
375 3517 488 3584 urdine
509 3517 673 3602 judicario
700 3517 850 3584 conlecta
875 3513 971 3584 nabis
987 3515 1153 3598 exhibuit3
1176 3513 1290 3582 videli-

172 3629 222 3690 cet
238 3623 302 3691 dno
318 3625 413 3708 paria
438 3625 684 3710 privilegiorum
709 3625 839 3691 Nicolai
864 3622 1029 3708 quondam
1053 3622 1206 3708 Palatini,
1232 3622 1290 3690 lilii

171 3731 273 3815 Bora,
297 3733 429 3798 tercium
465 3731 618 3818 Dycuisii
644 3731 808 3816 quendam
842 3733 1003 3814 Palatinl;
1038 3736 1186 3812 quartum
1212 3749 1289 3798 veru

170 3835 250 3904 Bele
266 3838 404 3904 illustris
429 3841 530 3923 Regis
556 3840 742 3925 Huugarie,
769 3859 902 3923 quorum
927 3838 1173 3924 privilegiorum
1189 3839 1289 3905 couti-

169 3945 304 4013 nencias
320 3948 462 4032 presenti
478 3947 598 4032 scripto
615 3948 806 4032 singillatim
822 3947 975 4014 duximus
993 3945 1196 4012 inserendas.

278 4069 475 4139 (Kiivetlreuilr
489 4069 516 4140 1)
530 4071 635 4125 Milrlds
649 4070 738 4126 uddor
750 4071 863 4126 1220-ki
876 4067 1028 4141 okmdnya,
1042 4067 1106 4123 laisd
1119 4067 1142 4122 1.
1151 4069 1178 4122 k.
1190 4065 1233 4122 ss
1246 4083 1288 4122 su.

170 4176 208 4226 aa
230 4159 258 4228 2)
271 4157 435 4230 Ugyanualr
449 4159 564 4214 leuc-ki
576 4157 727 4230 ckmdnya,
741 4160 759 4212 l.
773 4161 795 4214 1.
809 4161 835 4214 lr.
850 4159 910 4214 130.
924 4176 965 4215 sa.
980 4177 1017 4228 a.;
1036 4157 1066 4230 3)
1088 4157 1185 4214 Deuca
1198 4153 1290 4211 atuor

169 4248 282 4304 usel-ki
295 4247 453 4320 oimdnya,
477 4251 495 4306 l.
510 4249 614 4306 fenebb
628 4249 672 4305 36.
686 4265 727 4306 sa.
741 4267 779 4318 e.;
799 4248 830 4305 es
842 4249 874 4318 4)
887 4249 937 4307 1v.
950 4249 1022 4306 Bdlu
1035 4245 1130 4316 kirtly
1145 4242 1289 4300 lutumst

169 4337 320 4411 okmdnys,
334 4339 352 4394 l.
371 4339 390 4394 f.
404 4340 449 4396 25.
463 4356 504 4394 su.
517 4338 557 4410 a.)

275 4450 432 4517 Perlectis
448 4449 548 4535 igitur
572 4449 739 4516 tenoribus
755 4454 802 4516 tot
819 4449 1064 4533 priuilegicrnm
1081 4449 1114 4510 et
1130 4461 1289 4529 expresse

168 4557 342 4626 intellectis
369 4557 593 4640 coercuimus,
626 4564 660 4622 vt
674 4559 748 4642 ipsa
764 4563 850 4622 terra
866 4557 900 4622 in
916 4553 1041 4621 eisdem
1058 4550 1177 4631 metis,
1207 4567 1289 4630 quas

1014 4658 1075 4722 17·
