3140 5044
687 243 847 342 mr-.

205 455 294 522 lione
309 454 460 538 (tentore,
487 453 662 522 Theodoro
679 453 831 536 Custode,
849 450 1162 538 StephnncDeeono
1173 453 1328 519 etArchi-

202 561 340 631 ducem
356 562 398 632 de
408 561 489 650 Beg,
503 561 689 648 ceterisque
701 581 799 648 quem
809 559 959 648 pluribus
969 559 1089 629 ibidem
1101 560 1326 629 existentibus.

203 671 324 739 Datum
333 689 514 755 permunus
524 670 673 757 magistri
683 671 771 738 Petri
780 662 1327 753 Lectoris'Qcinquencolesiensis.

228 919 230 924 Ι
357 846 503 920 (Eredetie
522 865 540 904 e
558 825 774 906 ruent-mdrtoni
792 841 947 920 fdepdtsdg
966 842 1185 916 levtlttrtbunt

652 1163 898 1172 —---——-—

161 1749 162 1752 ¹
204 1770 530 1878 Aczdkcsffchdrvdm'
553 1791 708 1878 kdptaloo
732 1791 1003 1880 dizmtyedplevcle,
1028 1789 1109 1877 isopy
1124 1791 1327 1876 aooeeprdmi

206 1899 521 1999 kdptalooIlocdtdl,
545 1899 699 1966 lodomer
707 1898 916 1987 prdfoejetdl‚
927 1921 984 1986 epy
1000 1897 1218 1984 Vozprcnroo
1226 1895 1330 1982 fetet

527 2009 657 2074 matmot
673 2010 705 2074 ds
720 2007 813 2074 tellrct
827 2017 898 2074 vett.
916 2009 1014 2072 1249.

384 2177 918 2300 ''vnneo

316 2382 501 2470 Capitulum
524 2381 675 2450 Ecclesie
699 2381 854 2450 Albensis
880 2379 1040 2447 universis
1055 2379 1262 2465 presencium
1279 2378 1326 2444 in-

204 2474 493 2576 spectoribus-tem
507 2489 714 2574 presentibus
731 2507 829 2573 quam
846 2486 962 2553 futuris
978 2487 1117 2554 sulutem
1131 2485 1325 2568 inDomino.

208 2594 422 2665 Vniuersitati
437 2603 547 2664 vestre
571 2604 684 2664 tenore
698 2585 904 2681 presencium
924 2593 1128 2677 innotescet,
1152 2590 1238 2677 quod
1252 2593 1326 2659 ·Lc·

206 2703 370 2773 dometius
382 2704 593 2773 Comesfilius
609 2703 765 2772 Germani
780 2704 821 2770 de
838 2700 983 2768 Ohciurd
998 2720 1064 2783 una
1080 2720 1152 2767 cnm
1168 2700 1327 2785 magistro

204 2811 354 2879 Jecinctc
377 2811 512 2894 Decano
537 2811 685 2878 Ecclesie
700 2808 970 2896 *vesprimiensis
996 2808 1040 2875 cd
1054 2814 1200 2874 nostram
1233 2827 1326 2874 uece-

205 2916 312 2984 dendo
328 2919 532 3002 presencium
548 2918 683 3004 petinit',
708 2911 831 3000 utcum
848 2935 887 2983 eo
904 2915 1068 2983 hominem
1085 2919 1231 2982 nostrum
1248 2913 1326 2983 dde-

204 3022 340 3108 dignnm
354 3026 565 3109 mitteremus,
582 3024 638 3109 qni
653 3013 874 3092 assercionem
891 3013 1201 3109 et'proposicionem
1214 3023 1326 3090 uxoris

204 3148 264 3198 sue
281 3133 412 3198 nomine
436 3133 540 3198 Elene
557 3131 732 3216 diligenter
747 3132 897 3215 audiret3
923 3135 955 3200 et
971 3136 1047 3214 post
1063 3129 1125 3196 hcc
1139 3135 1250 3196 nostre
1266 3147 1325 3194 cu-

203 3237 496 3306 diencie'serietim
512 3239 677 3306 recitaret.
687 3239 758 3308 Nes
775 3241 873 3324 igitur
884 3239 986 3324 ipsius
995 3237 1191 3324 peticionem
1207 3235 1326 3305 iustam

204 3345 411 3414 attendentes
427 3347 462 3414 in
477 3346 654 3432 hucperte
671 3345 799 3414 fidelem
815 3351 960 3412 nostrum
981 3337 1106 3414 ‘sixtum
1121 3345 1326 3414 sacerdotem

204 3452 246 3520 de
263 3454 362 3521 choro
379 3454 517 3522 ecclesie
542 3460 653 3521 nostre
669 3453 712 3520 ed
729 3449 903 3522 uidendum
920 3459 952 3518 et
967 3452 1143 3535 sciendum,
1169 3450 1325 3535 quidquid

203 3560 333 3646 prefate
349 3561 481 3630 dominu
496 3562 531 3629 in
539 3562 644 3646 ipsius
654 3559 826 3646 presencie
842 3560 966 3628 iaceret
980 3567 1013 3626 et
1028 3560 1202 3644 ordinaret,
1220 3569 1323 3628 trans-

202 3667 360 3734 misimus.
392 3666 455 3744 Qui
470 3666 675 3753 postmodum
690 3665 820 3733 rediens
837 3665 879 3733 ed
896 3651 1078 3747 nos'dixit,
1102 3667 1186 3750 quod
1201 3669 1322 3736 molen-

199 3775 310 3841 dinum
328 3791 419 3840 suum
435 3793 507 3840 oum
524 3772 625 3859 fundo
642 3774 729 3842 curie
746 3781 779 3841 et
794 3775 902 3842 insule
918 3775 1056 3861 paruula
1072 3795 1111 3842 nc
1123 3776 1227 3842 eciam
1243 3775 1318 3844 aliis

196 3880 410 3966 pertinenciis
435 3882 533 3948 situm
559 3881 593 3946 in
618 3871 802 3966 Vesprimio
826 3881 911 3948 inter
935 3879 1153 3950 molendinum
1177 3878 1323 3969 ¹Capituli

103 4073 107 4080 Ι
201 3987 464 4074 vesprimiensis
475 3995 507 4054 et
522 3989 740 4056 molendinum
757 3986 871 4075 Obud,
903 3975 990 4074 cuod
1005 3990 1069 4058 sibi
1084 4011 1142 4075 pro
1159 3990 1324 4058 dotaliciis

148 4109 150 4114 '
198 4100 232 4162 et
248 4094 347 4162 rebus
374 4095 636 4182 pereiemelibus
660 4099 856 4183 pertinuisse
882 4097 1032 4182 dicebat,
1056 4099 1263 4167 uendidisset
1278 4099 1322 4165 ei·

72 4201 74 4206 ’
198 4201 273 4270 dem
310 4201 462 4290 Oepitulo
497 4203 732 4289 Vesprimiensi
755 4225 815 4290 pro
846 4205 1014 4273 duodecim
1045 4201 1164 4273 mercis
1195 4205 1323 4288 argenti

200 4315 359 4396 perpetuo
384 4309 454 4378 iure
480 4316 514 4376 et
537 4311 794 4378 irreuocubiliter
820 4311 1052 4398 possidendum
1069 4309 1161 4379 etad
1177 4309 1323 4378 eiusdem
1434 4367 1435 4370 ,

195 4417 335 4504 pecunie
371 4417 598 4504 recepcionem
626 4418 778 4486 maritum
812 4439 904 4488 sunm
939 4419 1162 4488 Lcdemerium
1195 4417 1322 4485 untedi-

192 4529 278 4592 etum
303 4523 475 4593 statuisset
495 4525 713 4612 supplicando
738 4527 845 4598 eciem
860 4527 966 4612 nobis,
982 4533 1019 4592 nt
1033 4525 1119 4591 hunc
1135 4523 1316 4609 empeicnis

195 4638 230 4701 et
254 4631 461 4703 vendicionis
495 4633 615 4703 seriem
648 4633 764 4703 litteris
799 4635 921 4704 nostris
955 4631 1219 4717 priuilegiellbus
1252 4647 1320 4694 mn·

1109 4736 1170 4800 14⁸
1242 4755 1250 4776 ι
