3154 5030
752 293 899 392 Aa..

380 485 687 648 ffilffilltrir
703 583 736 644 et
750 577 828 644 Filii
844 582 877 646 et
893 577 1034 664 Spiritus
1050 575 1163 646 Sancti
1178 577 1293 644 Amen.
1323 577 1393 644 Noa

272 689 393 756 Dirina
408 687 616 758 miseratione
627 687 740 756 subm
756 687 924 756 Scotorum
938 687 972 752 in
987 687 1144 770 wisura,
1158 685 1313 776 Decauua
1328 684 1392 752 Ne

273 795 512 878 amburgensis
542 795 644 863 tercio
675 793 847 862 conludice
873 801 983 861 nostm
1008 793 1179 878 Prepesito
1204 790 1393 860 Neuiubur

274 905 368 988 gensi
384 923 479 972 suam
494 903 679 973 absentiam
695 901 862 971 iteratorie
873 907 1050 972 excusante
1066 909 1099 970 et
1113 897 1395 970 nobisuicessuas

275 1013 514 1100 committente,
534 1021 610 1100 post
625 1013 813 1082 citationem
830 1012 1054 1097 sollempniter
1071 1017 1104 1078 et
1117 1009 1332 1098 peremptorie
1348 1004 1397 1073 ta·

189 1155 192 1162 ,
274 1127 362 1188 ctam
378 1140 475 1207 super
492 1139 603 1208 causa,
621 1141 682 1204 que
694 1113 832 1188 uertitur
841 1119 1096 1188 intorlbbatem
1107 1119 1149 1186 de
1159 1118 1283 1185 Sancta
1293 1115 1397 1182 (truce

275 1227 309 1292 in
324 1228 458 1296 Austria
471 1229 678 1298 Patauiensis
695 1229 847 1296 Diocesis
864 1233 897 1296 et
912 1227 1076 1294 dominum
1092 1226 1147 1296 W.
1159 1227 1204 1293 'de
1219 1221 1399 1292 OuenWa·

278 1337 397 1404 eleusis
409 1335 574 1421 Diocesis,
591 1337 992 1424 auotoritateApostoliea
1008 1335 1152 1420 delegati
1167 1335 1202 1400 in
1218 1333 1272 1400 dia
1284 1329 1401 1398 Sancti

276 1441 410 1520 Martini
425 1443 459 1510 in
474 1445 625 1513 Ecclesia
640 1445 923 1513 Tristamluirchen
940 1443 1154 1512 consedimus.
1170 1443 1403 1527 Apparuerunt

276 1549 390 1634 itaque
415 1572 523 1620 eoram
549 1553 644 1621 nobis
668 1555 733 1621 duo
757 1555 817 1621 uiri
844 1551 1221 1629 excusantesdominum
1236 1549 1286 1615 W.
1301 1565 1403 1633 super

277 1659 430 1726 absentia
438 1709 447 1744 ,
464 1659 618 1738 diceutes,
633 1681 709 1728 eum
724 1667 858 1748 propter
873 1661 1008 1727 nimiam
1024 1657 1244 1726 infirmitatem
1260 1655 1303 1722 ad
1317 1655 1405 1721 iudi-

278 1767 363 1842 cium
388 1759 499 1833 uenire
525 1789 589 1835 uon
613 1769 769 1855 potuisse.
800 1771 828 1836 E
854 1775 969 1834 eontra
993 1769 1129 1852 petebat
1143 1765 1259 1832 Abbas
1276 1766 1402 1832 Sancte

277 1874 389 1942 crucis
404 1878 518 1962 predia
533 1877 567 1943 in
582 1879 776 1962 Pomgarten
785 1927 794 1962 ‚
821 1897 885 1961 qua
908 1877 985 1944 olim
1001 1876 1150 1944 dominus
1166 1875 1223 1952 Gir.
1241 1873 1283 1938 rie
1299 1872 1404 1939 Altah

276 1985 363 2052 bone
374 1989 527 2053 memorie
537 2005 596 2073 pro
606 1986 749 2066 remedio
760 1986 869 2053 anima
879 2005 938 2053 aue
948 1983 1146 2052 monasterio
1158 1979 1402 2048 Sanetetlrucis

282 2093 425 2179 benigne
437 2095 627 2178 contulerat,
638 2101 671 2160 et
680 2094 767 2160 idern
776 2091 827 2158 W.
841 2093 1034 2160 sibiiniuste
1044 2091 1287 2170 nendicauerat,
1297 2107 1337 2153 ex
1346 2087 1407 2154 be·

277 2198 395 2267 neficie
410 2199 489 2266 iuris
506 2207 540 2267 et
555 2199 681 2268 iustius
697 2198 835 2266 restitui.
849 2198 930 2266 (lum
947 2205 1056 2266 autem
1073 2219 1115 2264 ex
1130 2203 1223 2284 parte
1240 2197 1304 2263 iam
1320 2193 1406 2261 dicti
1432 2269 1436 2275 ¹

270 2307 332 2375 W.
347 2309 511 2394 legitimus
527 2329 591 2391 non
606 2315 781 2394 appareret
796 2315 989 2394 procurator
1013 2313 1047 2372 et
1074 2305 1246 2390 defensor,
1272 2311 1305 2370 et
1328 2321 1408 2390 pro-

272 2425 353 2504 pter
367 2417 429 2483 hoc
445 2416 529 2482 idem
545 2423 719 2483 contumax
736 2423 823 2482 esset
840 2413 1035 2482 iudicandus
1051 2420 1085 2480 et
1099 2433 1186 2500 pena
1202 2411 1409 2479 contumacia

281 2524 345 2591 sibi
360 2523 478 2592 luisset
492 2521 678 2608 infligenda,
696 2544 756 2592 nos
773 2530 882 2592 umen
898 2523 939 2590 de
956 2523 1115 2588 canonica
1124 2521 1326 2604 benignitate
1336 2517 1407 2585 sibi

280 2633 491 2719 pepercimus·
503 2639 536 2700 et
551 2632 652 2706 alium
668 2631 775 2720 diem,
800 2633 981 2720 proximam
1003 2627 1120 2699 leriam
1136 2629 1313 2698 secundam
1327 2633 1410 2714 post

281 2739 400 2808 Letare
415 2741 606 2826 Jerusalem,
624 2741 657 2807 in
673 2741 788 2807 eodem
804 2741 876 2807 loco
889 2739 1017 2808 scilieet
1027 2733 1323 2830 Tristamahirchen
1339 2734 1410 2800 sibi

282 2848 479 2944 prefiximus.
506 2849 784 2936 renuntioque
801 2845 889 2915 diem
906 2869 978 2918 eum
994 2848 1217 2932 uenissemus,
1244 2850 1277 2914 e't
1292 2843 1410 2912 Abbas

284 2957 404 3024 Sancta
417 2955 530 3024 (trucis
546 2958 661 3028 iterum
680 2973 790 3024 coram
805 2957 900 3048 nobis
915 2955 978 3024 riui
995 2955 1162 3023 iusticiam.
1173 2951 1316 3020 exhiberi
1333 2969 1410 3016 curn

284 3063 460 3132 instancia
476 3065 674 3150 postularet,
700 3063 817 3131 iterum
833 3063 898 3130 duo
914 3063 976 3129 uiri
992 3083 1032 3130 ex
1049 3061 1143 3150 parte
1159 3062 1238 3130 ‹licti
1253 3061 1303 3128 W.
1319 3079 1410 3127 com·

284 3165 478 3257 paruerunt,
504 3169 702 3256 qui-easdem
717 3173 835 3238 causas
851 3170 1018 3255 absentie,
1036 3153 1120 3237 sicut
1138 3171 1229 3254 prius
1246 3167 1407 3252 fecerant,

281 3277 530 3366 protendebant
547 3280 640 3347 Licet
665 3283 775 3372 autem
800 3279 914 3346 Abbas
935 3283 1009 3344 tunc
1025 3297 1047 3343 a
1062 3279 1157 3344 uobis
1174 3277 1207 3344 in
1223 3274 1407 3362 possessio-

283 3410 358 3458 nem
375 3407 475 3456 causa
491 3387 538 3454 rei
553 3386 716 3455 seruande
727 3386 851 3457 ¹fuisset
866 3388 1051 3470 mittendus,
1065 3405 1126 3452 nos
1141 3393 1253 3452 tamen
1270 3382 1409 3452 tercium

253 3551 257 3558 .
278 3497 371 3565 utem
396 3503 429 3564 et
452 3496 624 3563 ulteriores
639 3494 796 3582 'inducias
813 3495 960 3581 partibus
978 3495 1037 3562 sub
1055 3493 1118 3561 hac
1134 3495 1238 3560 forma
1254 3490 1408 3576 assigna·

285 3604 392 3672 nimus
401 3653 411 3688 ‚
436 3611 471 3670 ut
495 3603 622 3670 scilicet
641 3601 686 3670 ad
702 3603 884 3690 proximum
900 3603 1017 3670 festum
1033 3601 1173 3670 Vincula
1189 3601 1303 3670 Sancti
1317 3598 1409 3664 Petri

286 3711 320 3776 in
336 3711 534 3778 Haimburch
550 3715 610 3796 per
624 3730 661 3778 se
676 3714 731 3778 uel
746 3717 991 3797 procuratorem
1006 3711 1159 3780 idoneum
1171 3711 1409 3792 uenirctsuper

292 3815 407 3889 eadem
424 3837 525 3887 causa
539 3817 677 3888 finaliter
693 3838 918 3906 responsurus.

388 3957 444 4016 us
458 3955 537 4030 (Sine
550 3958 640 4032 dato.)
753 3971 754 3975 ’

394 4053 458 4120 Hic
474 4061 524 4123 eet
541 4053 670 4120 libellus
686 4054 957 4122 conuentionalis.

392 4160 479 4228 Petit
493 4161 607 4229 Abbas
622 4159 743 4250 Sancte
759 4161 870 4230 crucis
896 4160 1026 4228 nomine
1053 4159 1104 4226 sui
1130 4157 1320 4228 lionasterii
1334 4173 1408 4245 pre·

289 4265 345 4336 dia
359 4268 418 4340 illa
433 4269 498 4338 sita
513 4269 549 4336 in·
563 4267 770 4356 Pomgarten‘
788 4283 849 4355 que
866 4271 945 4338 olim
960 4269 1110 4338 dominus
1126 4266 1184 4334 (lh.
1201 4265 1243 4334 de
1258 4265 1358 4335 Altah
1373 4264 1409 4332 in

288 4374 352 4444 tius
376 4375 441 4445 uite
465 4397 524 4446 sue
550 4378 684 4446 eontulit
707 4379 905 4447 Monasterio
929 4376 1208 4459 Sancte-Crucis,
1234 4393 1255 4442 a
1279 4371 1410 4458 domino

288 4483 466 4554 Wsruhero
482 4487 523 4556 de
540 4485 633 4556 Ouen
650 4489 694 4556 ad
708 4485 759 4554 ius
775 4493 808 4554 et
822 4489 1055 4574 proprietatem
1072 4485 1213 4554 ecclesie
1238 4501 1297 4551 sua
1317 4479 1411 4550 resti·

288 4589 345 4678 tui,
363 4611 472 4660 eoram
485 4594 579 4663 uobis
588 4593 751 4663 iudicibus
760 4591 956 4679 delegatisa
972 4593 1069 4663 Curia
1083 4595 1232 4663 Romana
1242 4587 1406 4659 offerenda
