<?xml version="1.0" encoding="UTF-8"?>
<!DOCTYPE html PUBLIC "-//W3C//DTD XHTML 1.0 Transitional//EN"
    "http://www.w3.org/TR/xhtml1/DTD/xhtml1-transitional.dtd">
<html xmlns="http://www.w3.org/1999/xhtml" xml:lang="en" lang="en">
 <head>
  <title>
</title>
<meta http-equiv="Content-Type" content="text/html;charset=utf-8" />
  <meta name='ocr-system' content='tesseract 3.04.00' />
  <meta name='ocr-capabilities' content='ocr_page ocr_carea ocr_par ocr_line ocrx_word'/>
</head>
<body>
  <div class='ocr_page' id='page_1' title='image "./codexdiplomatic11wenzgoog_0310.png"; bbox 0 0 3140 5044; ppageno 0'>
   <div class='ocr_carea' id='block_1_1' title="bbox 676 878 754 947">
    <p class='ocr_par' dir='ltr' id='par_1_1' title="bbox 676 878 754 947">
     <span class='ocr_line' id='line_1_1' title="bbox 676 878 754 947; baseline 0.013 -1"><span class='ocrx_word' id='word_1_1' title='bbox 676 878 754 947; x_wconf 85' lang='lat' dir='ltr'><strong>tat.</strong></span> 
     </span>
    </p>
   </div>
   <div class='ocr_carea' id='block_1_2' title="bbox 149 1071 1274 1376">
    <p class='ocr_par' dir='ltr' id='par_1_2' title="bbox 149 1071 1274 1376">
     <span class='ocr_line' id='line_1_2' title="bbox 151 1071 1272 1163; baseline -0.004 -23"><span class='ocrx_word' id='word_1_2' title='bbox 151 1073 210 1140; x_wconf 90' lang='lat' dir='ltr'><strong>IV.</strong></span> <span class='ocrx_word' id='word_1_3' title='bbox 226 1074 355 1142; x_wconf 71' lang='lat' dir='ltr'><strong>Sdndor</strong></span> <span class='ocrx_word' id='word_1_4' title='bbox 365 1077 458 1163; x_wconf 70' lang='lat' dir='ltr'><strong>popa</strong></span> <span class='ocrx_word' id='word_1_5' title='bbox 472 1097 510 1138; x_wconf 82' lang='lat' dir='ltr'><strong>aa</strong></span> <span class='ocrx_word' id='word_1_6' title='bbox 524 1071 645 1158; x_wconf 67' lang='lat' dir='ltr'><strong>accipi</strong></span> <span class='ocrx_word' id='word_1_7' title='bbox 667 1072 853 1157; x_wconf 79' lang='lat' dir='ltr'><strong>pltapo&#39;knck</strong></span> <span class='ocrx_word' id='word_1_8' title='bbox 867 1073 1047 1160; x_wconf 77' lang='lat' dir='ltr'><strong>mapecpcdr&#39;</strong></span> <span class='ocrx_word' id='word_1_9' title='bbox 1053 1121 1064 1152; x_wconf 90' lang='lat'><strong>,</strong></span> <span class='ocrx_word' id='word_1_10' title='bbox 1089 1073 1168 1161; x_wconf 66' lang='lat' dir='ltr'><strong>kopp</strong></span> <span class='ocrx_word' id='word_1_11' title='bbox 1183 1071 1272 1142; x_wconf 74' lang='lat' dir='ltr'><strong>elua-</strong></span> 
     </span>
     <span class='ocr_line' id='line_1_3' title="bbox 149 1179 1274 1270; baseline -0.004 -20"><span class='ocrx_word' id='word_1_12' title='bbox 149 1182 310 1270; x_wconf 61' lang='lat' dir='ltr'><strong>comedet</strong></span> <span class='ocrx_word' id='word_1_13' title='bbox 335 1179 739 1269; x_wconf 73' lang='lat' dir='ltr'><strong>apytdzdaalrjdccdelmei</strong></span> <span class='ocrx_word' id='word_1_14' title='bbox 752 1181 804 1243; x_wconf 68' lang='lat' dir='ltr'><strong>ket</strong></span> <span class='ocrx_word' id='word_1_15' title='bbox 829 1180 1037 1266; x_wconf 81' lang='lat' dir='ltr'><strong>teraplommal</strong></span> <span class='ocrx_word' id='word_1_16' title='bbox 1060 1203 1141 1268; x_wconf 76' lang='lat' dir='ltr'><strong>capy</strong></span> <span class='ocrx_word' id='word_1_17' title='bbox 1164 1182 1274 1269; x_wconf 74' lang='lat' dir='ltr'><strong>loriped-</strong></span> 
     </span>
     <span class='ocr_line' id='line_1_4' title="bbox 440 1287 979 1376; baseline 0.002 -23"><span class='ocrx_word' id='word_1_18' title='bbox 440 1287 537 1353; x_wconf 76' lang='lat' dir='ltr'><strong>adoal</strong></span> <span class='ocrx_word' id='word_1_19' title='bbox 559 1287 860 1376; x_wconf 77' lang='lat' dir='ltr'><strong>aaaporr&#39;ttoaaaoak.</strong></span> <span class='ocrx_word' id='word_1_20' title='bbox 882 1289 979 1354; x_wconf 80' lang='lat'><em>1257.</em></span> 
     </span>
    </p>
   </div>
   <div class='ocr_carea' id='block_1_3' title="bbox 149 1464 1348 2518">
    <p class='ocr_par' dir='ltr' id='par_1_3' title="bbox 149 1464 1348 2518">
     <span class='ocr_line' id='line_1_5' title="bbox 258 1464 1275 1553; baseline 0.005 -24"><span class='ocrx_word' id='word_1_21' title='bbox 258 1466 449 1534; x_wconf 78' lang='lat' dir='ltr'><strong>Alexander</strong></span> <span class='ocrx_word' id='word_1_22' title='bbox 465 1466 650 1553; x_wconf 76' lang='lat' dir='ltr'><strong>Episcopus</strong></span> <span class='ocrx_word' id='word_1_23' title='bbox 660 1471 722 1531; x_wconf 87' lang='lat' dir='ltr'><strong>etc.</strong></span> <span class='ocrx_word' id='word_1_24' title='bbox 734 1464 915 1532; x_wconf 85' lang='lat' dir='ltr'><strong>venerabili</strong></span> <span class='ocrx_word' id='word_1_25' title='bbox 931 1464 1024 1532; x_wconf 84' lang='lat' dir='ltr'><strong>fratri</strong></span> <span class='ocrx_word' id='word_1_26' title='bbox 1041 1513 1049 1530; x_wconf 89' lang='lat'><strong>.</strong></span> <span class='ocrx_word' id='word_1_27' title='bbox 1066 1515 1073 1530; x_wconf 92' lang='lat'><em>.</em></span> <span class='ocrx_word' id='word_1_28' title='bbox 1092 1465 1275 1553; x_wconf 70' lang='lat' dir='ltr'><strong>‚Episcopo</strong></span> 
     </span>
     <span class='ocr_line' id='line_1_6' title="bbox 151 1571 1274 1657; baseline 0 -17"><span class='ocrx_word' id='word_1_29' title='bbox 151 1571 375 1641; x_wconf 83' lang='lat' dir='ltr'><strong>llltrasilvano</strong></span> <span class='ocrx_word' id='word_1_30' title='bbox 391 1576 532 1641; x_wconf 89' lang='lat' dir='ltr'><strong>salutem</strong></span> <span class='ocrx_word' id='word_1_31' title='bbox 561 1581 622 1638; x_wconf 84' lang='lat' dir='ltr'><strong>alc.</strong></span> <span class='ocrx_word' id='word_1_32' title='bbox 655 1573 728 1638; x_wconf 83' lang='lat' dir='ltr'><strong>Tua</strong></span> <span class='ocrx_word' id='word_1_33' title='bbox 757 1572 853 1638; x_wconf 90' lang='lat' dir='ltr'><strong>nobis</strong></span> <span class='ocrx_word' id='word_1_34' title='bbox 884 1571 1073 1639; x_wconf 72' lang='lat' dir='ltr'><strong>fraternitas</strong></span> <span class='ocrx_word' id='word_1_35' title='bbox 1103 1571 1274 1657; x_wconf 77' lang='lat' dir='ltr'><strong>intimavit,</strong></span> 
     </span>
     <span class='ocr_line' id='line_1_7' title="bbox 150 1675 1348 1764; baseline 0.002 -19"><span class='ocrx_word' id='word_1_36' title='bbox 150 1679 239 1764; x_wconf 87' lang='lat' dir='ltr'><strong>quod</strong></span> <span class='ocrx_word' id='word_1_37' title='bbox 255 1699 316 1764; x_wconf 88' lang='lat' dir='ltr'><strong>pro</strong></span> <span class='ocrx_word' id='word_1_38' title='bbox 333 1700 372 1746; x_wconf 80' lang='lat' dir='ltr'><strong>co</strong></span> <span class='ocrx_word' id='word_1_39' title='bbox 388 1681 575 1764; x_wconf 85' lang='lat' dir='ltr'><strong>frequenter</strong></span> <span class='ocrx_word' id='word_1_40' title='bbox 590 1677 851 1746; x_wconf 84' lang='lat' dir='ltr'><strong>Ultrasilvanam</strong></span> <span class='ocrx_word' id='word_1_41' title='bbox 868 1679 1053 1746; x_wconf 79' lang='lat' dir='ltr'><strong>Ecclesiam</strong></span> <span class='ocrx_word' id='word_1_42' title='bbox 1078 1677 1188 1747; x_wconf 88' lang='lat' dir='ltr'><strong>debito</strong></span> <span class='ocrx_word' id='word_1_43' title='bbox 1213 1677 1273 1747; x_wconf 81' lang='lat' dir='ltr'><strong>Ga·</strong></span> <span class='ocrx_word' id='word_1_44' title='bbox 1344 1675 1348 1683; x_wconf 80' lang='grc'><strong>’</strong></span> 
     </span>
     <span class='ocr_line' id='line_1_8' title="bbox 152 1784 1276 1871; baseline 0.002 -20"><span class='ocrx_word' id='word_1_45' title='bbox 152 1786 340 1852; x_wconf 90' lang='lat' dir='ltr'><strong>nonicorum</strong></span> <span class='ocrx_word' id='word_1_46' title='bbox 357 1786 518 1868; x_wconf 87' lang='lat' dir='ltr'><strong>obsequio</strong></span> <span class='ocrx_word' id='word_1_47' title='bbox 532 1784 723 1852; x_wconf 79' lang='lat' dir='ltr'><strong>deluendari</strong></span> <span class='ocrx_word' id='word_1_48' title='bbox 747 1785 923 1868; x_wconf 81' lang='lat' dir='ltr'><strong>contingit,</strong></span> <span class='ocrx_word' id='word_1_49' title='bbox 955 1787 1033 1869; x_wconf 91' lang='lat' dir='ltr'><strong>quia</strong></span> <span class='ocrx_word' id='word_1_50' title='bbox 1064 1805 1105 1850; x_wconf 82' lang='lat' dir='ltr'><strong>sa</strong></span> <span class='ocrx_word' id='word_1_51' title='bbox 1134 1787 1276 1871; x_wconf 88' lang='lat' dir='ltr'><strong>ipsorum</strong></span> 
     </span>
     <span class='ocr_line' id='line_1_9' title="bbox 149 1892 1278 1978; baseline 0 -20"><span class='ocrx_word' id='word_1_52' title='bbox 149 1903 334 1976; x_wconf 85' lang='lat' dir='ltr'><strong>nequeunte</strong></span> <span class='ocrx_word' id='word_1_53' title='bbox 350 1893 605 1962; x_wconf 84' lang='lat' dir='ltr'><strong>necessitatibus</strong></span> <span class='ocrx_word' id='word_1_54' title='bbox 622 1892 803 1978; x_wconf 86' lang='lat' dir='ltr'><strong>providere,</strong></span> <span class='ocrx_word' id='word_1_55' title='bbox 824 1892 923 1960; x_wconf 89' lang='lat' dir='ltr'><strong>iidem</strong></span> <span class='ocrx_word' id='word_1_56' title='bbox 939 1893 981 1959; x_wconf 93' lang='lat' dir='ltr'><strong>ab</strong></span> <span class='ocrx_word' id='word_1_57' title='bbox 999 1892 1130 1978; x_wconf 88' lang='lat' dir='ltr'><strong>altaris,</strong></span> <span class='ocrx_word' id='word_1_58' title='bbox 1157 1894 1200 1960; x_wconf 91' lang='lat' dir='ltr'><strong>de</strong></span> <span class='ocrx_word' id='word_1_59' title='bbox 1216 1911 1278 1977; x_wconf 89' lang='lat' dir='ltr'><strong>quo</strong></span> 
     </span>
     <span class='ocr_line' id='line_1_10' title="bbox 152 2000 1278 2088; baseline 0.004 -24"><span class='ocrx_word' id='word_1_60' title='bbox 152 2021 218 2067; x_wconf 91' lang='lat' dir='ltr'><strong>non</strong></span> <span class='ocrx_word' id='word_1_61' title='bbox 235 2009 375 2086; x_wconf 91' lang='lat' dir='ltr'><strong>possunt</strong></span> <span class='ocrx_word' id='word_1_62' title='bbox 389 2003 522 2084; x_wconf 79' lang='lat' dir='ltr'><strong>vivere,</strong></span> <span class='ocrx_word' id='word_1_63' title='bbox 549 2020 585 2068; x_wconf 90' lang='lat' dir='ltr'><strong>se</strong></span> <span class='ocrx_word' id='word_1_64' title='bbox 602 2001 796 2070; x_wconf 83' lang='lat' dir='ltr'><strong>subtrahunt</strong></span> <span class='ocrx_word' id='word_1_65' title='bbox 826 2000 938 2067; x_wconf 86' lang='lat' dir='ltr'><strong>debita</strong></span> <span class='ocrx_word' id='word_1_66' title='bbox 969 2001 1144 2069; x_wconf 79' lang='lat' dir='ltr'><strong>seruitute:</strong></span> <span class='ocrx_word' id='word_1_67' title='bbox 1179 2019 1278 2088; x_wconf 88' lang='lat' dir='ltr'><strong>super</strong></span> 
     </span>
     <span class='ocr_line' id='line_1_11' title="bbox 153 2107 1278 2194; baseline 0.001 -20"><span class='ocrx_word' id='word_1_68' title='bbox 153 2127 216 2191; x_wconf 90' lang='lat' dir='ltr'><strong>quo</strong></span> <span class='ocrx_word' id='word_1_69' title='bbox 233 2109 342 2175; x_wconf 85' lang='lat' dir='ltr'><strong>eidem</strong></span> <span class='ocrx_word' id='word_1_70' title='bbox 357 2108 525 2194; x_wconf 84' lang='lat' dir='ltr'><strong>prouideri</strong></span> <span class='ocrx_word' id='word_1_71' title='bbox 541 2110 692 2177; x_wconf 80' lang='lat' dir='ltr'><strong>Ecclesie</strong></span> <span class='ocrx_word' id='word_1_72' title='bbox 710 2129 770 2192; x_wconf 88' lang='lat' dir='ltr'><strong>per</strong></span> <span class='ocrx_word' id='word_1_73' title='bbox 796 2107 986 2194; x_wconf 85' lang='lat' dir='ltr'><strong>Apostolice</strong></span> <span class='ocrx_word' id='word_1_74' title='bbox 1018 2109 1113 2176; x_wconf 87' lang='lat' dir='ltr'><strong>Sedis</strong></span> <span class='ocrx_word' id='word_1_75' title='bbox 1138 2110 1278 2177; x_wconf 90' lang='lat' dir='ltr'><strong>clemen-</strong></span> 
     </span>
     <span class='ocr_line' id='line_1_12' title="bbox 153 2215 1277 2303; baseline 0.001 -23"><span class='ocrx_word' id='word_1_76' title='bbox 153 2215 231 2281; x_wconf 85' lang='lat' dir='ltr'><strong>tiam</strong></span> <span class='ocrx_word' id='word_1_77' title='bbox 265 2217 456 2302; x_wconf 80' lang='lat' dir='ltr'><strong>suppliciter</strong></span> <span class='ocrx_word' id='word_1_78' title='bbox 479 2219 665 2303; x_wconf 85' lang='lat' dir='ltr'><strong>postulasti.</strong></span> <span class='ocrx_word' id='word_1_79' title='bbox 697 2217 766 2282; x_wconf 91' lang='lat' dir='ltr'><strong>Nos</strong></span> <span class='ocrx_word' id='word_1_80' title='bbox 791 2217 902 2297; x_wconf 86' lang='lat' dir='ltr'><strong>itaque</strong></span> <span class='ocrx_word' id='word_1_81' title='bbox 926 2216 991 2282; x_wconf 90' lang='lat' dir='ltr'><strong>tuis</strong></span> <span class='ocrx_word' id='word_1_82' title='bbox 1015 2216 1171 2302; x_wconf 88' lang='lat' dir='ltr'><strong>precibus</strong></span> <span class='ocrx_word' id='word_1_83' title='bbox 1190 2217 1277 2284; x_wconf 89' lang='lat' dir='ltr'><strong>incli-</strong></span> 
     </span>
     <span class='ocr_line' id='line_1_13' title="bbox 152 2321 1276 2412; baseline 0.004 -25"><span class='ocrx_word' id='word_1_84' title='bbox 152 2323 242 2408; x_wconf 88' lang='lat' dir='ltr'><strong>nati,</strong></span> <span class='ocrx_word' id='word_1_85' title='bbox 266 2335 301 2388; x_wconf 82' lang='lat' dir='ltr'><strong>ut</strong></span> <span class='ocrx_word' id='word_1_86' title='bbox 316 2324 359 2390; x_wconf 89' lang='lat' dir='ltr'><strong>ad</strong></span> <span class='ocrx_word' id='word_1_87' title='bbox 375 2333 586 2412; x_wconf 78' lang='lat' dir='ltr'><strong>augmentum</strong></span> <span class='ocrx_word' id='word_1_88' title='bbox 600 2325 714 2392; x_wconf 89' lang='lat' dir='ltr'><strong>Divini</strong></span> <span class='ocrx_word' id='word_1_89' title='bbox 734 2325 842 2391; x_wconf 85' lang='lat' dir='ltr'><strong>cultus</strong></span> <span class='ocrx_word' id='word_1_90' title='bbox 867 2321 971 2407; x_wconf 88' lang='lat' dir='ltr'><strong>ipsius</strong></span> <span class='ocrx_word' id='word_1_91' title='bbox 996 2325 1145 2393; x_wconf 79' lang='lat' dir='ltr'><strong>Ecclesia</strong></span> <span class='ocrx_word' id='word_1_92' title='bbox 1169 2323 1276 2392; x_wconf 90' lang='lat' dir='ltr'><strong>reddi·</strong></span> 
     </span>
     <span class='ocr_line' id='line_1_14' title="bbox 151 2432 1276 2518; baseline 0.002 -22"><span class='ocrx_word' id='word_1_93' title='bbox 151 2438 205 2498; x_wconf 88' lang='lat' dir='ltr'><strong>tus</strong></span> <span class='ocrx_word' id='word_1_94' title='bbox 221 2440 435 2518; x_wconf 80' lang='lat' dir='ltr'><strong>augmentare</strong></span> <span class='ocrx_word' id='word_1_95' title='bbox 451 2435 578 2516; x_wconf 80' lang='lat' dir='ltr'><strong>valeas,</strong></span> <span class='ocrx_word' id='word_1_96' title='bbox 601 2433 684 2500; x_wconf 90' lang='lat' dir='ltr'><strong>duas</strong></span> <span class='ocrx_word' id='word_1_97' title='bbox 701 2433 861 2500; x_wconf 86' lang='lat' dir='ltr'><strong>ecclcsiae</strong></span> <span class='ocrx_word' id='word_1_98' title='bbox 877 2450 935 2500; x_wconf 88' lang='lat' dir='ltr'><strong>seu</strong></span> <span class='ocrx_word' id='word_1_99' title='bbox 951 2433 1099 2518; x_wconf 86' lang='lat' dir='ltr'><strong>capellas</strong></span> <span class='ocrx_word' id='word_1_100' title='bbox 1115 2432 1158 2499; x_wconf 90' lang='lat' dir='ltr'><strong>ad</strong></span> <span class='ocrx_word' id='word_1_101' title='bbox 1174 2438 1206 2499; x_wconf 91' lang='lat' dir='ltr'><strong>te</strong></span> <span class='ocrx_word' id='word_1_102' title='bbox 1223 2435 1276 2500; x_wconf 85' lang='lat' dir='ltr'><strong>vel</strong></span> 
     </span>
    </p>
   </div>
   <div class='ocr_carea' id='block_1_4' title="bbox 154 2529 1395 2624">
    <p class='ocr_par' dir='ltr' id='par_1_4' title="bbox 154 2529 1395 2624">
     <span class='ocr_line' id='line_1_15' title="bbox 154 2529 1395 2624; baseline 0.002 -20"><span class='ocrx_word' id='word_1_103' title='bbox 154 2539 341 2623; x_wconf 77' lang='lat' dir='ltr'><strong>Capitulum</strong></span> <span class='ocrx_word' id='word_1_104' title='bbox 367 2541 516 2609; x_wconf 83' lang='lat' dir='ltr'><strong>eiusdem</strong></span> <span class='ocrx_word' id='word_1_105' title='bbox 541 2543 690 2610; x_wconf 83' lang='lat' dir='ltr'><strong>Ecclesic</strong></span> <span class='ocrx_word' id='word_1_106' title='bbox 706 2540 894 2608; x_wconf 86' lang='lat' dir='ltr'><strong>immediate</strong></span> <span class='ocrx_word' id='word_1_107' title='bbox 923 2546 1112 2624; x_wconf 84' lang='lat' dir='ltr'><strong>spectantes</strong></span> <span class='ocrx_word' id='word_1_108' title='bbox 1138 2540 1276 2623; x_wconf 79' lang='lat' dir='ltr'><strong>singulis</strong></span> <span class='ocrx_word' id='word_1_109' title='bbox 1392 2529 1395 2536; x_wconf 74' lang='grc'><strong>’</strong></span> 
     </span>
    </p>
   </div>
   <div class='ocr_carea' id='block_1_5' title="bbox 152 2646 1278 3580">
    <p class='ocr_par' dir='ltr' id='par_1_5' title="bbox 152 2646 1278 3580">
     <span class='ocr_line' id='line_1_16' title="bbox 155 2646 1277 2734; baseline 0.004 -24"><span class='ocrx_word' id='word_1_110' title='bbox 155 2646 260 2730; x_wconf 81' lang='lat' dir='ltr'><strong>ipsius</strong></span> <span class='ocrx_word' id='word_1_111' title='bbox 284 2647 459 2730; x_wconf 85' lang='lat' dir='ltr'><strong>prebendis</strong></span> <span class='ocrx_word' id='word_1_112' title='bbox 487 2651 529 2714; x_wconf 89' lang='lat' dir='ltr'><strong>de</strong></span> <span class='ocrx_word' id='word_1_113' title='bbox 555 2669 717 2716; x_wconf 89' lang='lat' dir='ltr'><strong>consensu</strong></span> <span class='ocrx_word' id='word_1_114' title='bbox 742 2647 820 2713; x_wconf 87' lang='lat' dir='ltr'><strong>dicti</strong></span> <span class='ocrx_word' id='word_1_115' title='bbox 847 2647 989 2732; x_wconf 80' lang='lat' dir='ltr'><strong>Capituli</strong></span> <span class='ocrx_word' id='word_1_116' title='bbox 1005 2653 1162 2734; x_wconf 85' lang='lat' dir='ltr'><strong>perpetuo</strong></span> <span class='ocrx_word' id='word_1_117' title='bbox 1178 2667 1277 2716; x_wconf 89' lang='lat' dir='ltr'><strong>aune·</strong></span> 
     </span>
     <span class='ocr_line' id='line_1_17' title="bbox 157 2752 1277 2839; baseline 0.002 -21"><span class='ocrx_word' id='word_1_118' title='bbox 157 2752 285 2839; x_wconf 66' lang='lat' dir='ltr'><strong>amuda,</strong></span> <span class='ocrx_word' id='word_1_119' title='bbox 310 2775 370 2821; x_wconf 89' lang='lat' dir='ltr'><strong>nec</strong></span> <span class='ocrx_word' id='word_1_120' title='bbox 391 2775 455 2822; x_wconf 91' lang='lat' dir='ltr'><strong>non</strong></span> <span class='ocrx_word' id='word_1_121' title='bbox 472 2765 505 2823; x_wconf 83' lang='lat' dir='ltr'><strong>et</strong></span> <span class='ocrx_word' id='word_1_122' title='bbox 521 2755 780 2823; x_wconf 83' lang='lat' dir='ltr'><strong>contradictores</strong></span> <span class='ocrx_word' id='word_1_123' title='bbox 796 2774 856 2838; x_wconf 89' lang='lat' dir='ltr'><strong>per</strong></span> <span class='ocrx_word' id='word_1_124' title='bbox 881 2773 1053 2822; x_wconf 85' lang='lat' dir='ltr'><strong>censuram</strong></span> <span class='ocrx_word' id='word_1_125' title='bbox 1078 2753 1277 2823; x_wconf 84' lang='lat' dir='ltr'><strong>ecclesiasti-</strong></span> 
     </span>
     <span class='ocr_line' id='line_1_18' title="bbox 154 2859 1277 2949; baseline 0.003 -23"><span class='ocrx_word' id='word_1_126' title='bbox 154 2881 246 2944; x_wconf 87' lang='lat' dir='ltr'><strong>cam,</strong></span> <span class='ocrx_word' id='word_1_127' title='bbox 273 2863 474 2948; x_wconf 84' lang='lat' dir='ltr'><strong>apellatione</strong></span> <span class='ocrx_word' id='word_1_128' title='bbox 489 2864 685 2949; x_wconf 88' lang='lat' dir='ltr'><strong>postposita,</strong></span> <span class='ocrx_word' id='word_1_129' title='bbox 706 2868 876 2928; x_wconf 83' lang='lat' dir='ltr'><strong>coarctare</strong></span> <span class='ocrx_word' id='word_1_130' title='bbox 901 2864 1094 2930; x_wconf 83' lang='lat' dir='ltr'><strong>auctoritate</strong></span> <span class='ocrx_word' id='word_1_131' title='bbox 1120 2859 1180 2930; x_wconf 87' lang='lat' dir='ltr'><strong>tibi</strong></span> <span class='ocrx_word' id='word_1_132' title='bbox 1206 2882 1277 2948; x_wconf 91' lang='lat' dir='ltr'><strong>pre-</strong></span> 
     </span>
     <span class='ocr_line' id='line_1_19' title="bbox 154 2967 1276 3055; baseline 0.001 -19"><span class='ocrx_word' id='word_1_133' title='bbox 154 2968 294 3037; x_wconf 88' lang='lat' dir='ltr'><strong>sentium</strong></span> <span class='ocrx_word' id='word_1_134' title='bbox 331 2967 483 3036; x_wconf 88' lang='lat' dir='ltr'><strong>duximus</strong></span> <span class='ocrx_word' id='word_1_135' title='bbox 515 2969 781 3039; x_wconf 88' lang='lat' dir='ltr'><strong>concedendum:</strong></span> <span class='ocrx_word' id='word_1_136' title='bbox 806 2969 854 3036; x_wconf 85' lang='lat' dir='ltr'><strong>ita</strong></span> <span class='ocrx_word' id='word_1_137' title='bbox 885 2971 973 3055; x_wconf 92' lang='lat' dir='ltr'><strong>quod</strong></span> <span class='ocrx_word' id='word_1_138' title='bbox 1002 2968 1045 3036; x_wconf 93' lang='lat' dir='ltr'><strong>de</strong></span> <span class='ocrx_word' id='word_1_139' title='bbox 1071 2969 1194 3039; x_wconf 88' lang='lat' dir='ltr'><strong>debitis</strong></span> <span class='ocrx_word' id='word_1_140' title='bbox 1212 2989 1276 3038; x_wconf 92' lang='lat' dir='ltr'><strong>non</strong></span> 
     </span>
     <span class='ocr_line' id='line_1_20' title="bbox 154 3075 1276 3165; baseline 0.004 -24"><span class='ocrx_word' id='word_1_141' title='bbox 154 3075 349 3143; x_wconf 78' lang='lat' dir='ltr'><strong>fraudentur</strong></span> <span class='ocrx_word' id='word_1_142' title='bbox 363 3077 543 3163; x_wconf 87' lang='lat' dir='ltr'><strong>obsequiis,</strong></span> <span class='ocrx_word' id='word_1_143' title='bbox 559 3077 619 3146; x_wconf 92' lang='lat' dir='ltr'><strong>ssd</strong></span> <span class='ocrx_word' id='word_1_144' title='bbox 635 3097 780 3163; x_wconf 80' lang='lat' dir='ltr'><strong>congrua</strong></span> <span class='ocrx_word' id='word_1_145' title='bbox 794 3077 952 3145; x_wconf 88' lang='lat' dir='ltr'><strong>ministris</strong></span> <span class='ocrx_word' id='word_1_146' title='bbox 967 3077 1137 3146; x_wconf 83' lang='lat' dir='ltr'><strong>servituris</strong></span> <span class='ocrx_word' id='word_1_147' title='bbox 1161 3097 1276 3165; x_wconf 87' lang='lat' dir='ltr'><strong>perpe·</strong></span> 
     </span>
     <span class='ocr_line' id='line_1_21' title="bbox 152 3181 1277 3273; baseline 0.002 -23"><span class='ocrx_word' id='word_1_148' title='bbox 152 3189 209 3250; x_wconf 89' lang='lat' dir='ltr'><strong>tuo</strong></span> <span class='ocrx_word' id='word_1_149' title='bbox 223 3181 259 3248; x_wconf 93' lang='lat' dir='ltr'><strong>in</strong></span> <span class='ocrx_word' id='word_1_150' title='bbox 274 3183 399 3251; x_wconf 85' lang='lat' dir='ltr'><strong>eisdem</strong></span> <span class='ocrx_word' id='word_1_151' title='bbox 415 3184 459 3252; x_wconf 86' lang='lat' dir='ltr'><strong>ds</strong></span> <span class='ocrx_word' id='word_1_152' title='bbox 475 3184 570 3254; x_wconf 91' lang='lat' dir='ltr'><strong>bonis</strong></span> <span class='ocrx_word' id='word_1_153' title='bbox 585 3186 731 3273; x_wconf 85' lang='lat' dir='ltr'><strong>ipsarum</strong></span> <span class='ocrx_word' id='word_1_154' title='bbox 746 3185 853 3272; x_wconf 88' lang='lat' dir='ltr'><strong>portio</strong></span> <span class='ocrx_word' id='word_1_155' title='bbox 869 3184 1077 3270; x_wconf 79' lang='lat' dir='ltr'><strong>assignetur,</strong></span> <span class='ocrx_word' id='word_1_156' title='bbox 1102 3191 1139 3251; x_wconf 88' lang='lat' dir='ltr'><strong>ut</strong></span> <span class='ocrx_word' id='word_1_157' title='bbox 1154 3187 1277 3253; x_wconf 82' lang='lat' dir='ltr'><strong>anima·</strong></span> 
     </span>
     <span class='ocr_line' id='line_1_22' title="bbox 154 3289 1278 3381; baseline 0.001 -22"><span class='ocrx_word' id='word_1_158' title='bbox 154 3309 226 3359; x_wconf 88' lang='lat' dir='ltr'><strong>rum</strong></span> <span class='ocrx_word' id='word_1_159' title='bbox 242 3309 322 3358; x_wconf 86' lang='lat' dir='ltr'><strong>curs</strong></span> <span class='ocrx_word' id='word_1_160' title='bbox 336 3289 370 3358; x_wconf 91' lang='lat' dir='ltr'><strong>iu</strong></span> <span class='ocrx_word' id='word_1_161' title='bbox 386 3293 435 3360; x_wconf 87' lang='lat' dir='ltr'><strong>eis</strong></span> <span class='ocrx_word' id='word_1_162' title='bbox 444 3343 454 3378; x_wconf 92' lang='lat'><em>‚</em></span> <span class='ocrx_word' id='word_1_163' title='bbox 470 3294 500 3362; x_wconf 91' lang='lat' dir='ltr'><strong>si</strong></span> <span class='ocrx_word' id='word_1_164' title='bbox 515 3293 629 3362; x_wconf 81' lang='lat' dir='ltr'><strong>forsan</strong></span> <span class='ocrx_word' id='word_1_165' title='bbox 645 3294 725 3381; x_wconf 85' lang='lat' dir='ltr'><strong>ipsis</strong></span> <span class='ocrx_word' id='word_1_166' title='bbox 751 3293 919 3362; x_wconf 89' lang='lat' dir='ltr'><strong>immineat</strong></span> <span class='ocrx_word' id='word_1_167' title='bbox 928 3343 937 3378; x_wconf 88' lang='lat'>‚</span> <span class='ocrx_word' id='word_1_168' title='bbox 964 3293 1151 3360; x_wconf 89' lang='lat' dir='ltr'><strong>nullatenus</strong></span> <span class='ocrx_word' id='word_1_169' title='bbox 1175 3294 1278 3380; x_wconf 81' lang='lat' dir='ltr'><strong>negli-</strong></span> 
     </span>
     <span class='ocr_line' id='line_1_23' title="bbox 154 3399 1277 3483; baseline 0.004 -17"><span class='ocrx_word' id='word_1_170' title='bbox 154 3404 262 3483; x_wconf 75' lang='lat' dir='ltr'><strong>gatur.</strong></span> <span class='ocrx_word' id='word_1_171' title='bbox 286 3399 379 3467; x_wconf 85' lang='lat' dir='ltr'><strong>Nulli</strong></span> <span class='ocrx_word' id='word_1_172' title='bbox 395 3405 456 3469; x_wconf 89' lang='lat' dir='ltr'><strong>etc.</strong></span> <span class='ocrx_word' id='word_1_173' title='bbox 473 3409 586 3470; x_wconf 89' lang='lat' dir='ltr'><strong>nostre</strong></span> <span class='ocrx_word' id='word_1_174' title='bbox 601 3403 826 3472; x_wconf 86' lang='lat' dir='ltr'><strong>concessionis</strong></span> <span class='ocrx_word' id='word_1_175' title='bbox 842 3409 904 3470; x_wconf 87' lang='lat' dir='ltr'><strong>etc.</strong></span> <span class='ocrx_word' id='word_1_176' title='bbox 919 3401 1042 3468; x_wconf 86' lang='lat' dir='ltr'><strong>Datum</strong></span> <span class='ocrx_word' id='word_1_177' title='bbox 1065 3399 1219 3471; x_wconf 83' lang='lat' dir='ltr'><strong>Laterani</strong></span> <span class='ocrx_word' id='word_1_178' title='bbox 1234 3401 1277 3470; x_wconf 85' lang='lat' dir='ltr'><strong>X.</strong></span> 
     </span>
     <span class='ocr_line' id='line_1_24' title="bbox 155 3504 911 3580; baseline 0 -6"><span class='ocrx_word' id='word_1_179' title='bbox 155 3506 233 3575; x_wconf 83' lang='lat' dir='ltr'><strong>Kal.</strong></span> <span class='ocrx_word' id='word_1_180' title='bbox 250 3504 340 3574; x_wconf 86' lang='lat' dir='ltr'><strong>llaii.</strong></span> <span class='ocrx_word' id='word_1_181' title='bbox 356 3508 566 3580; x_wconf 83' lang='lat' dir='ltr'><strong>Pontificatus</strong></span> <span class='ocrx_word' id='word_1_182' title='bbox 582 3511 685 3579; x_wconf 70' lang='lat' dir='ltr'><strong>noemi</strong></span> <span class='ocrx_word' id='word_1_183' title='bbox 700 3531 788 3579; x_wconf 91' lang='lat' dir='ltr'><strong>anuo</strong></span> <span class='ocrx_word' id='word_1_184' title='bbox 803 3511 911 3579; x_wconf 87' lang='lat' dir='ltr'><strong>tertio.</strong></span> 
     </span>
    </p>
   </div>
   <div class='ocr_carea' id='block_1_6' title="bbox 248 3673 1206 3780">
    <p class='ocr_par' dir='ltr' id='par_1_6' title="bbox 248 3673 1206 3780">
     <span class='ocr_line' id='line_1_25' title="bbox 248 3673 1206 3780; baseline -0.001 -19"><span class='ocrx_word' id='word_1_185' title='bbox 248 3701 311 3776; x_wconf 75' lang='grc' dir='ltr'><strong>(ιν.</strong></span> <span class='ocrx_word' id='word_1_186' title='bbox 324 3701 435 3762; x_wconf 74' lang='lat' dir='ltr'><strong>amor</strong></span> <span class='ocrx_word' id='word_1_187' title='bbox 446 3704 524 3780; x_wconf 62' lang='lat' dir='ltr'><strong>prpe</strong></span> <span class='ocrx_word' id='word_1_188' title='bbox 540 3673 737 3780; x_wconf 55' lang='lat' dir='ltr'><strong>meato,</strong></span> <span class='ocrx_word' id='word_1_189' title='bbox 750 3707 875 3766; x_wconf 67' lang='lat' dir='ltr'><strong>mana</strong></span> <span class='ocrx_word' id='word_1_190' title='bbox 892 3707 931 3766; x_wconf 81' lang='lat' dir='ltr'><strong>rs.</strong></span> <span class='ocrx_word' id='word_1_191' title='bbox 951 3723 988 3766; x_wconf 78' lang='lat' dir='ltr'><strong>n.</strong></span> <span class='ocrx_word' id='word_1_192' title='bbox 1005 3707 1027 3762; x_wconf 91' lang='lat'><strong>1.</strong></span> <span class='ocrx_word' id='word_1_193' title='bbox 1044 3703 1064 3760; x_wconf 80' lang='lat' dir='ltr'><strong>c</strong></span> <span class='ocrx_word' id='word_1_194' title='bbox 1091 3705 1154 3762; x_wconf 79' lang='lat' dir='ltr'><strong>aas.</strong></span> <span class='ocrx_word' id='word_1_195' title='bbox 1171 3704 1206 3780; x_wconf 83' lang='grc' dir='ltr'><strong>ι.)</strong></span> 
     </span>
    </p>
   </div>
   <div class='ocr_carea' id='block_1_7' title="bbox 0 0 1580 5044">
    <p class='ocr_par' dir='ltr' id='par_1_7' title="bbox 0 0 1580 5044">
     <span class='ocr_line' id='line_1_26' title="bbox 0 0 1580 5044; baseline 0 0"><span class='ocrx_word' id='word_1_196' title='bbox 0 0 1580 5044; x_wconf 95' lang='lat' dir='ltr'><strong> </strong></span> 
     </span>
    </p>
   </div>
  </div>
 </body>
</html>
