3220 5058
258 535 342 606 ment
367 535 492 620 Legata
515 533 611 604 Sedis
635 536 825 623 Apostoliue
850 537 973 609 sumtis
992 537 1174 606 liberaliter
1199 535 1381 624 providere,

257 663 373 728 praees
390 653 521 712 nostras
536 643 647 712 taliter
662 644 843 733 impleturi,
860 654 896 714 ut
911 648 966 732 qui
983 646 1122 714 libenter
1137 645 1333 715 honoramur
1348 648 1380 714 in

258 752 418 836 subditis,
445 763 478 820 et
501 773 560 821 vos
585 754 618 820 in
645 757 763 824 vestris
777 756 973 826 honoremus
988 755 1190 842 temporibus
1206 756 1379 844 oportunis.

257 857 378 932 Datum
389 859 527 928 viterbii
544 861 610 931 kal.
621 861 720 951 lunii,
732 860 957 950 (Pontifloatus
973 859 1092 952 nostri)
1102 881 1188 932 anuo
1199 863 1379 934 undeuimo.

347 1055 409 1129 (lX.
423 1054 551 1130 Gargely
563 1057 639 1132 plps
650 1059 839 1144 Begesttibbl
852 1061 978 1120 Tbeiner
990 1059 1030 1120 ld.
1044 1079 1079 1118 uu
1092 1063 1114 1120 L
1127 1060 1156 1118 k·
1170 1062 1232 1119 167.
1245 1059 1278 1134 l)

691 1359 926 1372 ffl———n

256 1923 314 1990 IX.
331 1923 465 2012 Gerpelp
481 1924 572 2010 palpo
599 1921 659 1988 IV.
675 1921 757 1988 Belo
771 1923 947 2012 kirrllpuulr
963 1947 984 1988 u
993 1923 1228 2011 poamabdmi
1242 1930 1377 2014 πράως
1411 1921 1425 1948 ’

588 2032 754 2118 jopllppeit
768 2029 906 2119 ajduh'u.
923 2032 1022 2100 1237.

362 2259 540 2346 Gregorius
555 2261 738 2348 Episeopus
754 2281 867 2330 seruus
883 2283 1051 2332 seruorum
1067 2263 1130 2330 Dei
1154 2265 1325 2334 carissimo
1341 2267 1375 2332 in

256 2369 386 2442 Christo
401 2368 469 2436 lilio
494 2417 502 2432 .
529 2418 536 2433 .
565 2419 571 2434 .
598 2370 722 2438 Illustri
736 2371 819 2457 Regi
835 2371 990 2457 Vngaris,
1005 2372 1145 2440 salutem
1161 2379 1196 2440 et
1209 2373 1374 2458 Apostoli·

255 2496 328 2548 eam
345 2475 613 2546 benedietionem.
629 2477 702 2546 Etsi
716 2485 883 2562 tamquam
899 2479 1055 2566 Prineeps
1065 2479 1255 2548 carnotens
1271 2486 1304 2548 et
1319 2479 1371 2548 ue-

257 2591 351 2654 notus
367 2583 489 2654 debeas
504 2604 617 2654 omnes
631 2589 831 2670 generalitor
842 2587 948 2672 Regni
963 2588 1010 2654 tui
1025 2589 1185 2656 eeclesias
1201 2589 1234 2654 in
1251 2607 1312 2655 sua
1327 2588 1373 2654 iu·

255 2697 347 2764 stitia
362 2693 552 2760 consonare:
572 2693 770 2762 Monaaterio
786 2700 896 2762 tamen
913 2696 1026 2762 Sanoti
1041 2695 1174 2762 Martini
1189 2695 1231 2762 sle
1246 2697 1374 2764 Panno-

256 2805 312 2870 nia
328 2821 367 2868 eo
383 2802 525 2888 amplius
541 2801 574 2868 in
590 2819 649 2868 suo
664 2802 733 2868 inre
750 2803 883 2887 teneris,
899 2823 963 2886 quo
978 2808 1099 2870 eortius
1116 2809 1176 2888 est,
1195 2809 1231 2870 ut
1245 2801 1374 2886 dieitur,

256 2911 390 2996 Regalis
407 2909 607 2994 Sublimitas,
627 2909 715 2992 quod
731 2911 772 2978 de
789 2911 846 2978 illo
862 2911 1042 2994 spiritualis
1059 2911 1209 2996 prouenit
1224 2917 1259 2976 et
1273 2911 1372 2978 etism

254 3017 457 3106 temporalis.
483 3018 572 3084 Saue
588 3018 699 3087 oblata
714 3019 809 3086 nobis
826 3019 1019 3088 dilectorum
1033 3019 1171 3088 filiorum
1187 3067 1197 3085 .
1214 3068 1221 3083 .
1239 3067 1247 3084 .
1264 3019 1374 3086 Abba·

254 3125 296 3192 tis
313 3131 346 3194 et
362 3125 546 3194 Conuentus
563 3125 707 3194 eiusdem
723 3127 912 3213 Monosterij
930 3127 1044 3215 petitio
1060 3126 1272 3210 continebat,
1288 3126 1375 3210 quod

253 3238 414 3320 quondam
426 3235 562 3304 Gualier
572 3234 689 3302 Comes
705 3241 890 3304 construota
905 3235 1049 3320 quadam
1065 3237 1206 3306 ecelesia
1220 3237 1254 3304 in
1266 3235 1374 3302 Monte

253 3345 390 3424 Quinnin
407 3345 579 3430 munitioni
593 3351 672 3430 apto
682 3393 691 3427 ,
716 3342 774 3410 ssd
797 3345 870 3412 loeo
887 3344 1093 3412 inhabitabili
1110 3351 1144 3412 et
1159 3345 1308 3428 deserto,
1331 3342 1374 3408 de

253 3471 392 3520 assensu
417 3451 550 3522 tandem
573 3451 686 3518 inolito
711 3449 950 3520 reeordationis
965 3451 1066 3536 Regis
1082 3451 1226 3536 Vngurie
1246 3450 1300 3517 aui
1316 3449 1374 3532 tui,

254 3560 410 3644 Episoopi
433 3562 602 3628 diocesani
633 3567 665 3626 et
696 3560 831 3626 aliorum
856 3559 1024 3626 Nobilium
1049 3561 1174 3645 Regni,
1197 3558 1372 3626 ecelesiam

254 3667 361 3750 ipsam
377 3665 575 3732 ltonasterio
590 3665 737 3751 predioto
755 3668 934 3752 eonoessit,
952 3667 986 3732 in
1001 3685 1068 3750 qua
1083 3665 1176 3732 iuxta
1191 3665 1295 3752 ipsius
1312 3665 1371 3732 Oo-

254 3775 340 3840 mitis
356 3770 553 3839 desiderium
569 3772 684 3840 Abbas
699 3773 887 3856 llouasterij
913 3775 1083 3840 memorati
1107 3775 1311 3842 muraneum
1327 3775 1372 3840 in-

254 3881 378 3966 stituit,
404 3887 437 3948 et
460 3887 527 3948 tres
543 3879 574 3948 ei
587 3897 648 3966 per
663 3885 809 3968 tempora
824 3881 960 3965 preleeit
975 3881 1131 3950 Abbates.
1163 3881 1372 3949 Postmodum

253 4010 331 4060 uero
355 3988 442 4056 olaru
467 3986 621 4054 memorie
637 3989 707 4056 Rex
722 3993 817 4072 pater
834 3995 907 4057 tuus
930 3991 1141 4074 suggestione
1158 3989 1372 4074 quorumdam

252 4098 435 4186 prediotam
450 4096 623 4164 ecelesiam
639 4096 771 4164 remotis
789 4094 865 4164 inde
880 4097 1029 4183 personis
1044 4119 1116 4166 oum
1132 4097 1247 4166 eodem
1263 4103 1373 4166 monte
1420 4104 1422 4108 ’

253 4207 317 4275 sibi
331 4227 391 4293 pro
407 4207 586 4274 munitione
602 4205 744 4292 recepit,
770 4205 961 4292 promittens
986 4205 1072 4290 quod
1087 4205 1194 4273 ionum
1210 4205 1312 4272 alium
1327 4202 1372 4270 ad

253 4315 425 4382 ecelesiam
441 4313 611 4400 aptiorem,
629 4323 662 4380 et
677 4314 773 4398 plura
789 4315 888 4382 etiam
906 4316 939 4382 in
953 4314 1217 4400 possessionibus
1233 4321 1266 4379 et
1281 4311 1371 4395 olljs,

253 4441 349 4505 quam
365 4421 479 4496 eadem
496 4423 631 4492 baberet
646 4423 788 4492 eeclesia
803 4423 940 4490 donaret
956 4421 1097 4506 eisdem5
1117 4420 1206 4505 quod
1222 4441 1283 4488 neo
1299 4421 1372 4506 ipse

251 4534 399 4618 impleuit
414 4539 516 4602 morte
532 4539 718 4621 prouentus,
734 4551 796 4598 nee
811 4552 870 4618 per
885 4539 918 4598 te
933 4531 968 4622 id
988 4531 1145 4598 haetenus
1161 4529 1283 4598 laetum
1299 4527 1371 4595 fuit.

253 4644 346 4712 Nune
363 4655 470 4718 eutem
486 4645 672 4716 Demetrius
689 4646 965 4727 (lenesmontem
981 4637 1117 4706 eundem
1133 4657 1205 4706 oum
1224 4635 1371 4722 predicta
