<?xml version="1.0" encoding="UTF-8"?>
<!DOCTYPE html PUBLIC "-//W3C//DTD XHTML 1.0 Transitional//EN"
    "http://www.w3.org/TR/xhtml1/DTD/xhtml1-transitional.dtd">
<html xmlns="http://www.w3.org/1999/xhtml" xml:lang="en" lang="en">
 <head>
  <title>
</title>
<meta http-equiv="Content-Type" content="text/html;charset=utf-8" />
  <meta name='ocr-system' content='tesseract 3.04.00' />
  <meta name='ocr-capabilities' content='ocr_page ocr_carea ocr_par ocr_line ocrx_word'/>
</head>
<body>
  <div class='ocr_page' id='page_1' title='image "./codexdiplomatic11wenzgoog_0164.png"; bbox 0 0 3210 5018; ppageno 0'>
   <div class='ocr_carea' id='block_1_1' title="bbox 705 291 849 401">
    <p class='ocr_par' dir='ltr' id='par_1_1' title="bbox 705 291 849 401">
     <span class='ocr_line' id='line_1_1' title="bbox 705 291 849 401; baseline -0.014 -37"><span class='ocrx_word' id='word_1_1' title='bbox 705 291 849 401; x_wconf 50' lang='lat' dir='ltr'>Q</span> 
     </span>
    </p>
   </div>
   <div class='ocr_carea' id='block_1_2' title="bbox 104 477 1411 3613">
    <p class='ocr_par' dir='ltr' id='par_1_2' title="bbox 104 477 1411 3613">
     <span class='ocr_line' id='line_1_2' title="bbox 220 477 1346 582; baseline 0.002 -19"><span class='ocrx_word' id='word_1_2' title='bbox 220 490 421 564; x_wconf 85' lang='lat' dir='ltr'><strong>Pulenlense</strong></span> <span class='ocrx_word' id='word_1_3' title='bbox 432 508 568 560; x_wconf 79' lang='lat' dir='ltr'><strong>reversa</strong></span> <span class='ocrx_word' id='word_1_4' title='bbox 584 492 684 560; x_wconf 88' lang='lat' dir='ltr'><strong>estin</strong></span> <span class='ocrx_word' id='word_1_5' title='bbox 699 489 906 577; x_wconf 79' lang='lat' dir='ltr'><strong>Hrngariam</strong></span> <span class='ocrx_word' id='word_1_6' title='bbox 922 477 1164 562; x_wconf 62' lang='lat' dir='ltr'><strong>inexoratum</strong></span> <span class='ocrx_word' id='word_1_7' title='bbox 1190 511 1250 580; x_wconf 81' lang='lat' dir='ltr'><strong>sue</strong></span> <span class='ocrx_word' id='word_1_8' title='bbox 1268 513 1346 582; x_wconf 75' lang='lat' dir='ltr'><strong>gen·</strong></span> 
     </span>
     <span class='ocr_line' id='line_1_3' title="bbox 221 598 1345 690; baseline 0.002 -22"><span class='ocrx_word' id='word_1_9' title='bbox 221 599 451 688; x_wconf 85' lang='lat' dir='ltr'><strong>tis.enpinsum</strong></span> <span class='ocrx_word' id='word_1_10' title='bbox 466 607 501 669; x_wconf 84' lang='lat' dir='ltr'><strong>et</strong></span> <span class='ocrx_word' id='word_1_11' title='bbox 514 598 642 671; x_wconf 80' lang='lat' dir='ltr'><strong>fortem.</strong></span> <span class='ocrx_word' id='word_1_12' title='bbox 670 598 771 668; x_wconf 81' lang='lat' dir='ltr'><strong>(luins</strong></span> <span class='ocrx_word' id='word_1_13' title='bbox 787 606 882 669; x_wconf 86' lang='lat' dir='ltr'><strong>tants</strong></span> <span class='ocrx_word' id='word_1_14' title='bbox 896 608 948 670; x_wconf 88' lang='lat' dir='ltr'><strong>est</strong></span> <span class='ocrx_word' id='word_1_15' title='bbox 963 601 1134 690; x_wconf 79' lang='lat' dir='ltr'><strong>potencia,</strong></span> <span class='ocrx_word' id='word_1_16' title='bbox 1149 601 1237 686; x_wconf 84' lang='lat' dir='ltr'><strong>qnod</strong></span> <span class='ocrx_word' id='word_1_17' title='bbox 1252 600 1345 688; x_wconf 76' lang='lat' dir='ltr'><strong>iuga·</strong></span> 
     </span>
     <span class='ocr_line' id='line_1_4' title="bbox 222 706 1346 798; baseline 0 -18"><span class='ocrx_word' id='word_1_18' title='bbox 222 711 266 780; x_wconf 88' lang='lat' dir='ltr'><strong>tis</strong></span> <span class='ocrx_word' id='word_1_19' title='bbox 289 706 437 797; x_wconf 71' lang='lat' dir='ltr'><strong>Regibus</strong></span> <span class='ocrx_word' id='word_1_20' title='bbox 460 714 565 793; x_wconf 88' lang='lat' dir='ltr'><strong>terre,</strong></span> <span class='ocrx_word' id='word_1_21' title='bbox 590 709 697 795; x_wconf 89' lang='lat' dir='ltr'><strong>ipsam</strong></span> <span class='ocrx_word' id='word_1_22' title='bbox 713 709 920 794; x_wconf 75' lang='lat' dir='ltr'><strong>Hungariam</strong></span> <span class='ocrx_word' id='word_1_23' title='bbox 937 717 1197 798; x_wconf 87' lang='lat' dir='ltr'><strong>oeenpavernnt,</strong></span> <span class='ocrx_word' id='word_1_24' title='bbox 1222 711 1346 780; x_wconf 90' lang='lat' dir='ltr'><strong>nullum</strong></span> 
     </span>
     <span class='ocr_line' id='line_1_5' title="bbox 223 817 1346 888; baseline -0.003 0"><span class='ocrx_word' id='word_1_25' title='bbox 223 817 286 888; x_wconf 88' lang='lat' dir='ltr'><strong>slhi</strong></span> <span class='ocrx_word' id='word_1_26' title='bbox 300 819 335 884; x_wconf 90' lang='lat' dir='ltr'><strong>in</strong></span> <span class='ocrx_word' id='word_1_27' title='bbox 350 817 466 886; x_wconf 87' lang='lat' dir='ltr'><strong>eadem</strong></span> <span class='ocrx_word' id='word_1_28' title='bbox 482 817 688 886; x_wconf 74' lang='lat' dir='ltr'><strong>resistentem</strong></span> <span class='ocrx_word' id='word_1_29' title='bbox 703 819 918 888; x_wconf 87' lang='lat' dir='ltr'><strong>invenientes.</strong></span> <span class='ocrx_word' id='word_1_30' title='bbox 952 818 1018 888; x_wconf 85' lang='lat' dir='ltr'><strong>Sed</strong></span> <span class='ocrx_word' id='word_1_31' title='bbox 1033 837 1094 886; x_wconf 88' lang='lat' dir='ltr'><strong>nee</strong></span> <span class='ocrx_word' id='word_1_32' title='bbox 1110 825 1204 887; x_wconf 84' lang='lat' dir='ltr'><strong>tanta</strong></span> <span class='ocrx_word' id='word_1_33' title='bbox 1219 817 1346 887; x_wconf 89' lang='lat' dir='ltr'><strong>temeri·</strong></span> 
     </span>
     <span class='ocr_line' id='line_1_6' title="bbox 104 924 1347 1020; baseline -0.003 -23"><span class='ocrx_word' id='word_1_34' title='bbox 104 953 107 958; x_wconf 90' lang='lat'>·</span> <span class='ocrx_word' id='word_1_35' title='bbox 222 931 291 997; x_wconf 84' lang='lat' dir='ltr'><strong>tute</strong></span> <span class='ocrx_word' id='word_1_36' title='bbox 307 926 449 994; x_wconf 88' lang='lat' dir='ltr'><strong>eonteuti</strong></span> <span class='ocrx_word' id='word_1_37' title='bbox 458 977 467 1012; x_wconf 95' lang='lat'><strong>,</strong></span> <span class='ocrx_word' id='word_1_38' title='bbox 492 927 646 1014; x_wconf 88' lang='lat' dir='ltr'><strong>pupulum</strong></span> <span class='ocrx_word' id='word_1_39' title='bbox 665 925 879 1020; x_wconf 81' lang='lat' dir='ltr'><strong>ehristianum</strong></span> <span class='ocrx_word' id='word_1_40' title='bbox 893 927 1064 1006; x_wconf 78' lang='lat' dir='ltr'><strong>tormentis</strong></span> <span class='ocrx_word' id='word_1_41' title='bbox 1082 924 1183 993; x_wconf 89' lang='lat' dir='ltr'><strong>variis</strong></span> <span class='ocrx_word' id='word_1_42' title='bbox 1201 932 1233 992; x_wconf 89' lang='lat' dir='ltr'><strong>et</strong></span> <span class='ocrx_word' id='word_1_43' title='bbox 1249 927 1347 996; x_wconf 87' lang='lat' dir='ltr'><strong>mise·</strong></span> 
     </span>
     <span class='ocr_line' id='line_1_7' title="bbox 223 1031 1348 1122; baseline -0.004 -17"><span class='ocrx_word' id='word_1_44' title='bbox 223 1031 338 1105; x_wconf 84' lang='lat' dir='ltr'><strong>&#39;randis</strong></span> <span class='ocrx_word' id='word_1_45' title='bbox 353 1034 527 1120; x_wconf 89' lang='lat' dir='ltr'><strong>plurimum</strong></span> <span class='ocrx_word' id='word_1_46' title='bbox 542 1040 703 1122; x_wconf 88' lang='lat' dir='ltr'><strong>premunt,</strong></span> <span class='ocrx_word' id='word_1_47' title='bbox 722 1035 881 1104; x_wconf 85' lang='lat' dir='ltr'><strong>eeelesis&#39;s</strong></span> <span class='ocrx_word' id='word_1_48' title='bbox 891 1036 954 1103; x_wconf 91' lang='lat' dir='ltr'><strong>Dei</strong></span> <span class='ocrx_word' id='word_1_49' title='bbox 971 1035 1151 1119; x_wconf 86' lang='lat' dir='ltr'><strong>destruunt,</strong></span> <span class='ocrx_word' id='word_1_50' title='bbox 1168 1037 1202 1100; x_wconf 86' lang='lat' dir='ltr'><strong>et</strong></span> <span class='ocrx_word' id='word_1_51' title='bbox 1215 1034 1250 1100; x_wconf 91' lang='lat' dir='ltr'><strong>in</strong></span> <span class='ocrx_word' id='word_1_52' title='bbox 1265 1031 1348 1119; x_wconf 88' lang='lat' dir='ltr'><strong>ipsis</strong></span> 
     </span>
     <span class='ocr_line' id='line_1_8' title="bbox 222 1141 1347 1228; baseline -0.006 -15"><span class='ocrx_word' id='word_1_53' title='bbox 222 1150 299 1213; x_wconf 88' lang='lat' dir='ltr'><strong>ante</strong></span> <span class='ocrx_word' id='word_1_54' title='bbox 314 1147 438 1228; x_wconf 89' lang='lat' dir='ltr'><strong>etpost</strong></span> <span class='ocrx_word' id='word_1_55' title='bbox 454 1159 567 1210; x_wconf 80' lang='lat' dir='ltr'><strong>esrum</strong></span> <span class='ocrx_word' id='word_1_56' title='bbox 587 1144 825 1212; x_wconf 84' lang='lat' dir='ltr'><strong>destruetioues</strong></span> <span class='ocrx_word' id='word_1_57' title='bbox 849 1144 1022 1212; x_wconf 86' lang='lat' dir='ltr'><strong>universas</strong></span> <span class='ocrx_word' id='word_1_58' title='bbox 1047 1141 1272 1209; x_wconf 83' lang='lat' dir='ltr'><strong>indifferenter</strong></span> <span class='ocrx_word' id='word_1_59' title='bbox 1290 1141 1347 1208; x_wconf 88' lang='lat' dir='ltr'><strong>ah-</strong></span> 
     </span>
     <span class='ocr_line' id='line_1_9' title="bbox 222 1247 1347 1336; baseline -0.004 -18"><span class='ocrx_word' id='word_1_60' title='bbox 222 1250 461 1319; x_wconf 84' lang='lat' dir='ltr'><strong>hominationes</strong></span> <span class='ocrx_word' id='word_1_61' title='bbox 476 1255 646 1335; x_wconf 77' lang='lat' dir='ltr'><strong>exercent,</strong></span> <span class='ocrx_word' id='word_1_62' title='bbox 670 1268 754 1334; x_wconf 85' lang='lat' dir='ltr'><strong>quas</strong></span> <span class='ocrx_word' id='word_1_63' title='bbox 770 1251 950 1319; x_wconf 74' lang='lat' dir='ltr'><strong>inhumane</strong></span> <span class='ocrx_word' id='word_1_64' title='bbox 966 1251 1058 1336; x_wconf 84' lang='lat' dir='ltr'><strong>genti</strong></span> <span class='ocrx_word' id='word_1_65' title='bbox 1075 1255 1108 1316; x_wconf 90' lang='lat' dir='ltr'><strong>et</strong></span> <span class='ocrx_word' id='word_1_66' title='bbox 1122 1247 1256 1317; x_wconf 77' lang='lat' dir='ltr'><strong>bestiali</strong></span> <span class='ocrx_word' id='word_1_67' title='bbox 1271 1266 1347 1318; x_wconf 86' lang='lat' dir='ltr'><strong>een-</strong></span> 
     </span>
     <span class='ocr_line' id='line_1_10' title="bbox 222 1355 1347 1448; baseline 0 -22"><span class='ocrx_word' id='word_1_68' title='bbox 222 1360 311 1428; x_wconf 86' lang='lat' dir='ltr'><strong>renit</strong></span> <span class='ocrx_word' id='word_1_69' title='bbox 333 1358 527 1444; x_wconf 76' lang='lat' dir='ltr'><strong>temperari.</strong></span> <span class='ocrx_word' id='word_1_70' title='bbox 560 1356 661 1425; x_wconf 79' lang='lat' dir='ltr'><strong>Unde·</strong></span> <span class='ocrx_word' id='word_1_71' title='bbox 680 1378 754 1425; x_wconf 88' lang='lat' dir='ltr'><strong>enm</strong></span> <span class='ocrx_word' id='word_1_72' title='bbox 778 1376 800 1425; x_wconf 84' lang='lat' dir='ltr'><strong>a</strong></span> <span class='ocrx_word' id='word_1_73' title='bbox 825 1366 971 1448; x_wconf 88' lang='lat' dir='ltr'><strong>tempore</strong></span> <span class='ocrx_word' id='word_1_74' title='bbox 996 1359 1147 1446; x_wconf 81' lang='lat' dir='ltr'><strong>pasehali</strong></span> <span class='ocrx_word' id='word_1_75' title='bbox 1167 1355 1347 1427; x_wconf 65' lang='lat' dir='ltr'><strong>&#39;eorundem</strong></span> 
     </span>
     <span class='ocr_line' id='line_1_11' title="bbox 223 1464 1347 1556; baseline -0.004 -21"><span class='ocrx_word' id='word_1_76' title='bbox 223 1467 370 1536; x_wconf 84' lang='lat' dir='ltr'><strong>estneias</strong></span> <span class='ocrx_word' id='word_1_77' title='bbox 384 1471 418 1532; x_wconf 90' lang='lat' dir='ltr'><strong>et</strong></span> <span class='ocrx_word' id='word_1_78' title='bbox 433 1464 566 1532; x_wconf 80' lang='lat' dir='ltr'><strong>fraudes</strong></span> <span class='ocrx_word' id='word_1_79' title='bbox 582 1467 771 1554; x_wconf 84' lang='lat' dir='ltr'><strong>plenissime</strong></span> <span class='ocrx_word' id='word_1_80' title='bbox 787 1487 899 1535; x_wconf 89' lang='lat' dir='ltr'><strong>sumus</strong></span> <span class='ocrx_word' id='word_1_81' title='bbox 915 1469 1050 1555; x_wconf 85' lang='lat' dir='ltr'><strong>experti,</strong></span> <span class='ocrx_word' id='word_1_82' title='bbox 1068 1473 1182 1556; x_wconf 88' lang='lat' dir='ltr'><strong>utpote</strong></span> <span class='ocrx_word' id='word_1_83' title='bbox 1202 1467 1258 1553; x_wconf 85' lang='lat' dir='ltr'><strong>qui</strong></span> <span class='ocrx_word' id='word_1_84' title='bbox 1270 1484 1347 1536; x_wconf 88' lang='lat' dir='ltr'><strong>een·</strong></span> 
     </span>
     <span class='ocr_line' id='line_1_12' title="bbox 222 1573 1347 1663; baseline -0.002 -20"><span class='ocrx_word' id='word_1_85' title='bbox 222 1582 274 1643; x_wconf 87' lang='lat' dir='ltr'><strong>tra</strong></span> <span class='ocrx_word' id='word_1_86' title='bbox 289 1575 379 1661; x_wconf 86' lang='lat' dir='ltr'><strong>ipses</strong></span> <span class='ocrx_word' id='word_1_87' title='bbox 395 1573 522 1659; x_wconf 87' lang='lat' dir='ltr'><strong>pondus</strong></span> <span class='ocrx_word' id='word_1_88' title='bbox 538 1575 663 1644; x_wconf 89' lang='lat' dir='ltr'><strong>dierum</strong></span> <span class='ocrx_word' id='word_1_89' title='bbox 690 1582 724 1642; x_wconf 89' lang='lat' dir='ltr'><strong>et</strong></span> <span class='ocrx_word' id='word_1_90' title='bbox 747 1579 837 1643; x_wconf 89' lang='lat' dir='ltr'><strong>estus</strong></span> <span class='ocrx_word' id='word_1_91' title='bbox 860 1577 1134 1663; x_wconf 76' lang='lat' dir='ltr'><strong>comportavimns</strong></span> <span class='ocrx_word' id='word_1_92' title='bbox 1150 1582 1217 1642; x_wconf 81' lang='lat' dir='ltr'><strong>tam</strong></span> <span class='ocrx_word' id='word_1_93' title='bbox 1234 1577 1268 1642; x_wconf 91' lang='lat' dir='ltr'><strong>in</strong></span> <span class='ocrx_word' id='word_1_94' title='bbox 1283 1582 1347 1642; x_wconf 88' lang='lat' dir='ltr'><strong>ter·</strong></span> 
     </span>
     <span class='ocr_line' id='line_1_13' title="bbox 209 1680 1348 1768; baseline -0.006 -13"><span class='ocrx_word' id='word_1_95' title='bbox 209 1682 319 1756; x_wconf 78' lang='lat' dir='ltr'><strong>,minis</strong></span> <span class='ocrx_word' id='word_1_96' title='bbox 334 1680 489 1766; x_wconf 88' lang='lat' dir='ltr'><strong>Pelenie,</strong></span> <span class='ocrx_word' id='word_1_97' title='bbox 506 1701 603 1766; x_wconf 88' lang='lat' dir='ltr'><strong>quam</strong></span> <span class='ocrx_word' id='word_1_98' title='bbox 617 1683 650 1748; x_wconf 91' lang='lat' dir='ltr'><strong>in</strong></span> <span class='ocrx_word' id='word_1_99' title='bbox 666 1683 926 1750; x_wconf 84' lang='lat' dir='ltr'><strong>metisldnravie</strong></span> <span class='ocrx_word' id='word_1_100' title='bbox 942 1691 975 1750; x_wconf 93' lang='lat' dir='ltr'><strong>et</strong></span> <span class='ocrx_word' id='word_1_101' title='bbox 990 1683 1178 1768; x_wconf 77' lang='lat' dir='ltr'><strong>Hungarie,</strong></span> <span class='ocrx_word' id='word_1_102' title='bbox 1199 1680 1348 1750; x_wconf 88' lang='lat' dir='ltr'><strong>videntes</strong></span> 
     </span>
     <span class='ocr_line' id='line_1_14' title="bbox 222 1788 1349 1876; baseline -0.004 -18"><span class='ocrx_word' id='word_1_103' title='bbox 222 1789 318 1859; x_wconf 88' lang='lat' dir='ltr'><strong>eedes</strong></span> <span class='ocrx_word' id='word_1_104' title='bbox 334 1797 367 1861; x_wconf 89' lang='lat' dir='ltr'><strong>et</strong></span> <span class='ocrx_word' id='word_1_105' title='bbox 382 1791 527 1876; x_wconf 86' lang='lat' dir='ltr'><strong>seelera,</strong></span> <span class='ocrx_word' id='word_1_106' title='bbox 546 1809 610 1874; x_wconf 88' lang='lat' dir='ltr'><strong>que</strong></span> <span class='ocrx_word' id='word_1_107' title='bbox 626 1788 813 1875; x_wconf 86' lang='lat' dir='ltr'><strong>laeiehant,</strong></span> <span class='ocrx_word' id='word_1_108' title='bbox 831 1799 865 1858; x_wconf 92' lang='lat' dir='ltr'><strong>et</strong></span> <span class='ocrx_word' id='word_1_109' title='bbox 881 1790 914 1857; x_wconf 93' lang='lat' dir='ltr'><strong>in</strong></span> <span class='ocrx_word' id='word_1_110' title='bbox 930 1791 1078 1859; x_wconf 78' lang='lat' dir='ltr'><strong>horaria</strong></span> <span class='ocrx_word' id='word_1_111' title='bbox 1087 1841 1097 1876; x_wconf 96' lang='lat'><strong>,</strong></span> <span class='ocrx_word' id='word_1_112' title='bbox 1117 1793 1154 1857; x_wconf 89' lang='lat' dir='ltr'><strong>et</strong></span> <span class='ocrx_word' id='word_1_113' title='bbox 1165 1791 1200 1856; x_wconf 87' lang='lat' dir='ltr'><strong>iu</strong></span> <span class='ocrx_word' id='word_1_114' title='bbox 1215 1788 1349 1856; x_wconf 85' lang='lat' dir='ltr'><strong>Austria</strong></span> 
     </span>
     <span class='ocr_line' id='line_1_15' title="bbox 219 1896 1347 1990; baseline -0.002 -25"><span class='ocrx_word' id='word_1_115' title='bbox 219 1899 460 1990; x_wconf 82' lang='lat' dir='ltr'><strong>perpendimus,</strong></span> <span class='ocrx_word' id='word_1_116' title='bbox 477 1899 563 1983; x_wconf 88' lang='lat' dir='ltr'><strong>qnod</strong></span> <span class='ocrx_word' id='word_1_117' title='bbox 581 1898 685 1966; x_wconf 85' lang='lat' dir='ltr'><strong>eeiam</strong></span> <span class='ocrx_word' id='word_1_118' title='bbox 702 1897 902 1967; x_wconf 73' lang='lat' dir='ltr'><strong>confidenter</strong></span> <span class='ocrx_word' id='word_1_119' title='bbox 918 1897 1056 1966; x_wconf 88' lang='lat' dir='ltr'><strong>dieimus</strong></span> <span class='ocrx_word' id='word_1_120' title='bbox 1065 1949 1074 1984; x_wconf 94' lang='lat'><strong>,</strong></span> <span class='ocrx_word' id='word_1_121' title='bbox 1087 1896 1264 1982; x_wconf 79' lang='lat' dir='ltr'><strong>¹quodnisi</strong></span> <span class='ocrx_word' id='word_1_122' title='bbox 1280 1916 1347 1964; x_wconf 88' lang='lat' dir='ltr'><strong>ma·</strong></span> 
     </span>
     <span class='ocr_line' id='line_1_16' title="bbox 220 2004 1350 2095; baseline -0.004 -19"><span class='ocrx_word' id='word_1_123' title='bbox 220 2009 323 2076; x_wconf 90' lang='lat' dir='ltr'><strong>turius</strong></span> <span class='ocrx_word' id='word_1_124' title='bbox 339 2008 482 2092; x_wconf 83' lang='lat' dir='ltr'><strong>ipsorum</strong></span> <span class='ocrx_word' id='word_1_125' title='bbox 497 2008 692 2093; x_wconf 89' lang='lat' dir='ltr'><strong>reprimatur</strong></span> <span class='ocrx_word' id='word_1_126' title='bbox 707 2009 924 2095; x_wconf 80' lang='lat' dir='ltr'><strong>presumptio,</strong></span> <span class='ocrx_word' id='word_1_127' title='bbox 944 2007 1125 2095; x_wconf 83' lang='lat' dir='ltr'><strong>perielitari</strong></span> <span class='ocrx_word' id='word_1_128' title='bbox 1142 2012 1252 2092; x_wconf 87' lang='lat' dir='ltr'><strong>petest</strong></span> <span class='ocrx_word' id='word_1_129' title='bbox 1266 2004 1350 2072; x_wconf 86' lang='lat' dir='ltr'><strong>fides</strong></span> 
     </span>
     <span class='ocr_line' id='line_1_17' title="bbox 206 2114 1350 2202; baseline -0.007 -14"><span class='ocrx_word' id='word_1_130' title='bbox 206 2114 384 2188; x_wconf 37' lang='lat' dir='ltr'><strong>sseathnliea</strong></span> <span class='ocrx_word' id='word_1_131' title='bbox 400 2133 471 2182; x_wconf 89' lang='lat' dir='ltr'><strong>enm</strong></span> <span class='ocrx_word' id='word_1_132' title='bbox 487 2116 609 2202; x_wconf 92' lang='lat' dir='ltr'><strong>pupulo</strong></span> <span class='ocrx_word' id='word_1_133' title='bbox 625 2114 815 2182; x_wconf 86' lang='lat' dir='ltr'><strong>ehristiane.</strong></span> <span class='ocrx_word' id='word_1_134' title='bbox 833 2117 950 2184; x_wconf 86' lang='lat' dir='ltr'><strong>vestre</strong></span> <span class='ocrx_word' id='word_1_135' title='bbox 965 2116 1068 2199; x_wconf 82' lang='lat' dir='ltr'><strong>igitur</strong></span> <span class='ocrx_word' id='word_1_136' title='bbox 1084 2115 1272 2197; x_wconf 78' lang='lat' dir='ltr'><strong>Serenitati,</strong></span> <span class='ocrx_word' id='word_1_137' title='bbox 1285 2132 1350 2197; x_wconf 87' lang='lat' dir='ltr'><strong>que</strong></span> 
     </span>
     <span class='ocr_line' id='line_1_18' title="bbox 221 2221 1350 2312; baseline -0.004 -21"><span class='ocrx_word' id='word_1_138' title='bbox 221 2223 359 2312; x_wconf 82' lang='lat' dir='ltr'><strong>provide</strong></span> <span class='ocrx_word' id='word_1_139' title='bbox 384 2229 417 2290; x_wconf 90' lang='lat' dir='ltr'><strong>et</strong></span> <span class='ocrx_word' id='word_1_140' title='bbox 441 2222 592 2309; x_wconf 90' lang='lat' dir='ltr'><strong>prudenti</strong></span> <span class='ocrx_word' id='word_1_141' title='bbox 611 2223 736 2310; x_wconf 83' lang='lat' dir='ltr'><strong>regitur</strong></span> <span class='ocrx_word' id='word_1_142' title='bbox 752 2225 906 2307; x_wconf 90' lang='lat' dir='ltr'><strong>eonsilie,</strong></span> <span class='ocrx_word' id='word_1_143' title='bbox 928 2223 1157 2291; x_wconf 89' lang='lat' dir='ltr'><strong>meditandum</strong></span> <span class='ocrx_word' id='word_1_144' title='bbox 1181 2221 1350 2308; x_wconf 86' lang='lat' dir='ltr'><strong>inenmbit,</strong></span> 
     </span>
     <span class='ocr_line' id='line_1_19' title="bbox 222 2315 1348 2428; baseline -0.004 -27"><span class='ocrx_word' id='word_1_145' title='bbox 222 2315 521 2418; x_wconf 78' lang='lat' dir='ltr'><strong>qua&#39;prorideneie</strong></span> <span class='ocrx_word' id='word_1_146' title='bbox 546 2331 708 2428; x_wconf 83' lang='lat' dir='ltr'><strong>industria</strong></span> <span class='ocrx_word' id='word_1_147' title='bbox 732 2333 877 2417; x_wconf 88' lang='lat' dir='ltr'><strong>ipserum</strong></span> <span class='ocrx_word' id='word_1_148' title='bbox 904 2330 1135 2400; x_wconf 82' lang='lat' dir='ltr'><strong>inhumanitati</strong></span> <span class='ocrx_word' id='word_1_149' title='bbox 1161 2339 1194 2398; x_wconf 88' lang='lat' dir='ltr'><strong>et</strong></span> <span class='ocrx_word' id='word_1_150' title='bbox 1212 2328 1348 2397; x_wconf 87' lang='lat' dir='ltr'><strong>astuniis</strong></span> 
     </span>
     <span class='ocr_line' id='line_1_20' title="bbox 221 2439 1411 2527; baseline -0.005 -16"><span class='ocrx_word' id='word_1_151' title='bbox 221 2441 466 2521; x_wconf 75' lang='lat' dir='ltr'><strong>decurrendum,</strong></span> <span class='ocrx_word' id='word_1_152' title='bbox 491 2449 524 2510; x_wconf 89' lang='lat' dir='ltr'><strong>et</strong></span> <span class='ocrx_word' id='word_1_153' title='bbox 549 2441 665 2524; x_wconf 85' lang='lat' dir='ltr'><strong>quihus</strong></span> <span class='ocrx_word' id='word_1_154' title='bbox 690 2441 840 2509; x_wconf 77' lang='lat' dir='ltr'><strong>lleelesie</strong></span> <span class='ocrx_word' id='word_1_155' title='bbox 866 2439 930 2506; x_wconf 89' lang='lat' dir='ltr'><strong>Dei</strong></span> <span class='ocrx_word' id='word_1_156' title='bbox 946 2439 1129 2527; x_wconf 87' lang='lat' dir='ltr'><strong>pressuris,</strong></span> <span class='ocrx_word' id='word_1_157' title='bbox 1161 2439 1279 2525; x_wconf 87' lang='lat' dir='ltr'><strong>quihus</strong></span> <span class='ocrx_word' id='word_1_158' title='bbox 1294 2457 1349 2506; x_wconf 71' lang='lat' dir='ltr'><strong>ea</strong></span> <span class='ocrx_word' id='word_1_159' title='bbox 1409 2477 1411 2482; x_wconf 94' lang='lat'>·</span> 
     </span>
     <span class='ocr_line' id='line_1_21' title="bbox 220 2537 1345 2634; baseline -0.004 -16"><span class='ocrx_word' id='word_1_160' title='bbox 220 2550 295 2620; x_wconf 88' lang='lat' dir='ltr'><strong>de&#39;m</strong></span> <span class='ocrx_word' id='word_1_161' title='bbox 318 2551 447 2618; x_wconf 86' lang='lat' dir='ltr'><strong>illorum</strong></span> <span class='ocrx_word' id='word_1_162' title='bbox 474 2550 647 2617; x_wconf 85' lang='lat' dir='ltr'><strong>oeeasiene</strong></span> <span class='ocrx_word' id='word_1_163' title='bbox 664 2549 804 2633; x_wconf 86' lang='lat' dir='ltr'><strong>laborat,</strong></span> <span class='ocrx_word' id='word_1_164' title='bbox 823 2549 970 2618; x_wconf 82' lang='lat' dir='ltr'><strong>consiliis</strong></span> <span class='ocrx_word' id='word_1_165' title='bbox 986 2537 1143 2634; x_wconf 78' lang='lat' dir='ltr'><strong>expediat</strong></span> <span class='ocrx_word' id='word_1_166' title='bbox 1158 2567 1345 2617; x_wconf 86' lang='lat' dir='ltr'><strong>sueenrren·</strong></span> 
     </span>
     <span class='ocr_line' id='line_1_22' title="bbox 220 2655 1349 2743; baseline -0.005 -15"><span class='ocrx_word' id='word_1_167' title='bbox 220 2661 306 2729; x_wconf 86' lang='lat' dir='ltr'><strong>dum.</strong></span> <span class='ocrx_word' id='word_1_168' title='bbox 323 2655 419 2726; x_wconf 89' lang='lat' dir='ltr'><strong>Unde</strong></span> <span class='ocrx_word' id='word_1_169' title='bbox 434 2658 463 2724; x_wconf 94' lang='lat' dir='ltr'><strong>si</strong></span> <span class='ocrx_word' id='word_1_170' title='bbox 477 2658 654 2743; x_wconf 79' lang='lat' dir='ltr'><strong>gloriosum</strong></span> <span class='ocrx_word' id='word_1_171' title='bbox 666 2665 700 2726; x_wconf 90' lang='lat' dir='ltr'><strong>et</strong></span> <span class='ocrx_word' id='word_1_172' title='bbox 716 2665 860 2726; x_wconf 89' lang='lat' dir='ltr'><strong>eternum</strong></span> <span class='ocrx_word' id='word_1_173' title='bbox 876 2677 994 2724; x_wconf 89' lang='lat' dir='ltr'><strong>nemen</strong></span> <span class='ocrx_word' id='word_1_174' title='bbox 1005 2663 1039 2725; x_wconf 89' lang='lat' dir='ltr'><strong>et</strong></span> <span class='ocrx_word' id='word_1_175' title='bbox 1048 2655 1237 2723; x_wconf 85' lang='lat' dir='ltr'><strong>memoriale</strong></span> <span class='ocrx_word' id='word_1_176' title='bbox 1253 2655 1349 2724; x_wconf 87' lang='lat' dir='ltr'><strong>vehis</strong></span> 
     </span>
     <span class='ocr_line' id='line_1_23' title="bbox 221 2765 1349 2852; baseline -0.005 -16"><span class='ocrx_word' id='word_1_177' title='bbox 221 2776 255 2836; x_wconf 90' lang='lat' dir='ltr'><strong>et</strong></span> <span class='ocrx_word' id='word_1_178' title='bbox 278 2765 397 2836; x_wconf 87' lang='lat' dir='ltr'><strong>vestris</strong></span> <span class='ocrx_word' id='word_1_179' title='bbox 422 2766 668 2836; x_wconf 79' lang='lat' dir='ltr'><strong>suecessoribus</strong></span> <span class='ocrx_word' id='word_1_180' title='bbox 681 2765 1048 2852; x_wconf 80' lang='lat' dir='ltr'><strong>relinquerevotueritir</strong></span> <span class='ocrx_word' id='word_1_181' title='bbox 1064 2767 1198 2832; x_wconf 82' lang='lat' dir='ltr'><strong>instate</strong></span> <span class='ocrx_word' id='word_1_182' title='bbox 1213 2771 1349 2850; x_wconf 86' lang='lat' dir='ltr'><strong>tenera,</strong></span> 
     </span>
     <span class='ocr_line' id='line_1_24' title="bbox 222 2869 1352 2967; baseline -0.004 -23"><span class='ocrx_word' id='word_1_183' title='bbox 222 2881 365 2944; x_wconf 85' lang='lat' dir='ltr'><strong>vestrum</strong></span> <span class='ocrx_word' id='word_1_184' title='bbox 381 2873 424 2942; x_wconf 87' lang='lat' dir='ltr'><strong>ad</strong></span> <span class='ocrx_word' id='word_1_185' title='bbox 448 2876 539 2962; x_wconf 91' lang='lat' dir='ltr'><strong>ipsos</strong></span> <span class='ocrx_word' id='word_1_186' title='bbox 569 2875 738 2967; x_wconf 80' lang='lat' dir='ltr'><strong>maturetis</strong></span> <span class='ocrx_word' id='word_1_187' title='bbox 764 2875 940 2941; x_wconf 85' lang='lat' dir='ltr'><strong>adveutum</strong></span> <span class='ocrx_word' id='word_1_188' title='bbox 952 2923 961 2958; x_wconf 94' lang='lat'><strong>,</strong></span> <span class='ocrx_word' id='word_1_189' title='bbox 988 2872 1101 2940; x_wconf 77' lang='lat' dir='ltr'><strong>scituri</strong></span> <span class='ocrx_word' id='word_1_190' title='bbox 1125 2869 1212 2956; x_wconf 88' lang='lat' dir='ltr'><strong>qued</strong></span> <span class='ocrx_word' id='word_1_191' title='bbox 1227 2871 1261 2938; x_wconf 92' lang='lat' dir='ltr'><strong>iu</strong></span> <span class='ocrx_word' id='word_1_192' title='bbox 1277 2872 1352 2958; x_wconf 85' lang='lat' dir='ltr'><strong>ripa</strong></span> 
     </span>
     <span class='ocr_line' id='line_1_25' title="bbox 220 2977 1347 3070; baseline -0.009 -16"><span class='ocrx_word' id='word_1_193' title='bbox 220 2983 364 3054; x_wconf 88' lang='lat' dir='ltr'><strong>Danubii</strong></span> <span class='ocrx_word' id='word_1_194' title='bbox 380 2977 678 3068; x_wconf 81' lang='lat' dir='ltr'><strong>eastrapusuernnt</strong></span> <span class='ocrx_word' id='word_1_195' title='bbox 692 2983 726 3049; x_wconf 88' lang='lat' dir='ltr'><strong>in</strong></span> <span class='ocrx_word' id='word_1_196' title='bbox 741 2981 923 3070; x_wconf 81' lang='lat' dir='ltr'><strong>Hungaria,</strong></span> <span class='ocrx_word' id='word_1_197' title='bbox 943 2988 977 3048; x_wconf 90' lang='lat' dir='ltr'><strong>et</strong></span> <span class='ocrx_word' id='word_1_198' title='bbox 991 2981 1160 3065; x_wconf 88' lang='lat' dir='ltr'><strong>ihiprneul</strong></span> <span class='ocrx_word' id='word_1_199' title='bbox 1175 2978 1273 3046; x_wconf 89' lang='lat' dir='ltr'><strong>dubie</strong></span> <span class='ocrx_word' id='word_1_200' title='bbox 1290 2998 1347 3065; x_wconf 90' lang='lat' dir='ltr'><strong>po-</strong></span> 
     </span>
     <span class='ocr_line' id='line_1_26' title="bbox 220 3085 1351 3177; baseline -0.006 -16"><span class='ocrx_word' id='word_1_201' title='bbox 220 3098 327 3161; x_wconf 83' lang='lat' dir='ltr'><strong>terunt</strong></span> <span class='ocrx_word' id='word_1_202' title='bbox 341 3089 488 3158; x_wconf 85' lang='lat' dir='ltr'><strong>inveniri.</strong></span> <span class='ocrx_word' id='word_1_203' title='bbox 523 3090 603 3158; x_wconf 83' lang='lat' dir='ltr'><strong>Cum</strong></span> <span class='ocrx_word' id='word_1_204' title='bbox 620 3085 730 3160; x_wconf 87' lang='lat' dir='ltr'><strong>autem</strong></span> <span class='ocrx_word' id='word_1_205' title='bbox 742 3091 816 3176; x_wconf 81' lang='lat' dir='ltr'><strong>jum</strong></span> <span class='ocrx_word' id='word_1_206' title='bbox 836 3088 1050 3177; x_wconf 81' lang='lat' dir='ltr'><strong>precedamus</strong></span> <span class='ocrx_word' id='word_1_207' title='bbox 1066 3089 1101 3156; x_wconf 92' lang='lat' dir='ltr'><strong>iu</strong></span> <span class='ocrx_word' id='word_1_208' title='bbox 1118 3088 1300 3172; x_wconf 82' lang='lat' dir='ltr'><strong>Ungariam</strong></span> <span class='ocrx_word' id='word_1_209' title='bbox 1316 3093 1351 3155; x_wconf 92' lang='lat' dir='ltr'><strong>et</strong></span> 
     </span>
     <span class='ocr_line' id='line_1_27' title="bbox 204 3191 1349 3284; baseline -0.008 -13"><span class='ocrx_word' id='word_1_210' title='bbox 204 3205 366 3279; x_wconf 80' lang='lat' dir='ltr'><strong>,vestram</strong></span> <span class='ocrx_word' id='word_1_211' title='bbox 398 3191 637 3268; x_wconf 58' lang='lat' dir='ltr'><strong>lurte²meram</strong></span> <span class='ocrx_word' id='word_1_212' title='bbox 667 3199 800 3268; x_wconf 85' lang='lat' dir='ltr'><strong>trahere</strong></span> <span class='ocrx_word' id='word_1_213' title='bbox 831 3197 1006 3283; x_wconf 83' lang='lat' dir='ltr'><strong>eontigerit</strong></span> <span class='ocrx_word' id='word_1_214' title='bbox 1031 3197 1291 3284; x_wconf 77' lang='lat' dir='ltr'><strong>Exeelleutiam,</strong></span> <span class='ocrx_word' id='word_1_215' title='bbox 1317 3195 1349 3263; x_wconf 86' lang='lat' dir='ltr'><strong>si</strong></span> 
     </span>
     <span class='ocr_line' id='line_1_28' title="bbox 221 3303 1343 3396; baseline -0.001 -20"><span class='ocrx_word' id='word_1_216' title='bbox 221 3315 329 3377; x_wconf 82' lang='lat' dir='ltr'><strong>vestre</strong></span> <span class='ocrx_word' id='word_1_217' title='bbox 343 3309 505 3396; x_wconf 86' lang='lat' dir='ltr'><strong>plaeuerit</strong></span> <span class='ocrx_word' id='word_1_218' title='bbox 520 3308 714 3378; x_wconf 82' lang='lat' dir='ltr'><strong>Oelritndini</strong></span> <span class='ocrx_word' id='word_1_219' title='bbox 728 3309 870 3377; x_wconf 86' lang='lat' dir='ltr'><strong>&#39;reditum</strong></span> <span class='ocrx_word' id='word_1_220' title='bbox 886 3313 1031 3373; x_wconf 84' lang='lat' dir='ltr'><strong>uestrum</strong></span> <span class='ocrx_word' id='word_1_221' title='bbox 1047 3303 1290 3390; x_wconf 79' lang='lat' dir='ltr'><strong>exspectabitis,</strong></span> <span class='ocrx_word' id='word_1_222' title='bbox 1307 3313 1343 3374; x_wconf 87' lang='lat' dir='ltr'><strong>ut</strong></span> 
     </span>
     <span class='ocr_line' id='line_1_29' title="bbox 221 3413 1350 3504; baseline -0.003 -18"><span class='ocrx_word' id='word_1_223' title='bbox 221 3417 250 3486; x_wconf 92' lang='lat' dir='ltr'><strong>si</strong></span> <span class='ocrx_word' id='word_1_224' title='bbox 266 3416 340 3486; x_wconf 87' lang='lat' dir='ltr'><strong>sani</strong></span> <span class='ocrx_word' id='word_1_225' title='bbox 364 3435 423 3502; x_wconf 85' lang='lat' dir='ltr'><strong>per</strong></span> <span class='ocrx_word' id='word_1_226' title='bbox 441 3417 506 3486; x_wconf 89' lang='lat' dir='ltr'><strong>Dei</strong></span> <span class='ocrx_word' id='word_1_227' title='bbox 530 3417 678 3504; x_wconf 79' lang='lat' dir='ltr'><strong>grauiam</strong></span> <span class='ocrx_word' id='word_1_228' title='bbox 694 3417 817 3486; x_wconf 89' lang='lat' dir='ltr'><strong>reversi</strong></span> <span class='ocrx_word' id='word_1_229' title='bbox 842 3413 1017 3495; x_wconf 78' lang='lat' dir='ltr'><strong>fuerimus,</strong></span> <span class='ocrx_word' id='word_1_230' title='bbox 1049 3430 1110 3479; x_wconf 91' lang='lat' dir='ltr'><strong>uos</strong></span> <span class='ocrx_word' id='word_1_231' title='bbox 1135 3413 1298 3499; x_wconf 91' lang='lat' dir='ltr'><strong>possimus</strong></span> <span class='ocrx_word' id='word_1_232' title='bbox 1316 3421 1350 3483; x_wconf 84' lang='lat' dir='ltr'><strong>st</strong></span> 
     </span>
     <span class='ocr_line' id='line_1_30' title="bbox 223 3512 1346 3613; baseline -0.007 -17"><span class='ocrx_word' id='word_1_233' title='bbox 223 3527 366 3596; x_wconf 86' lang='lat' dir='ltr'><strong>seismns</strong></span> <span class='ocrx_word' id='word_1_234' title='bbox 382 3524 423 3594; x_wconf 87' lang='lat' dir='ltr'><strong>de</strong></span> <span class='ocrx_word' id='word_1_235' title='bbox 439 3527 579 3613; x_wconf 79' lang='lat' dir='ltr'><strong>singulis</strong></span> <span class='ocrx_word' id='word_1_236' title='bbox 593 3525 722 3612; x_wconf 89' lang='lat' dir='ltr'><strong>plenius</strong></span> <span class='ocrx_word' id='word_1_237' title='bbox 738 3521 905 3611; x_wconf 86' lang='lat' dir='ltr'><strong>expedire.</strong></span> <span class='ocrx_word' id='word_1_238' title='bbox 925 3512 1045 3591; x_wconf 78' lang='lat' dir='ltr'><strong>(intera</strong></span> <span class='ocrx_word' id='word_1_239' title='bbox 1060 3521 1164 3592; x_wconf 84' lang='lat' dir='ltr'><strong>testis.</strong></span> <span class='ocrx_word' id='word_1_240' title='bbox 1344 3517 1346 3522; x_wconf 82' lang='grc'><strong>’</strong></span> 
     </span>
    </p>
   </div>
   <div class='ocr_carea' id='block_1_3' title="bbox 223 3751 1388 3954">
    <p class='ocr_par' dir='ltr' id='par_1_3' title="bbox 223 3751 1388 3954">
     <span class='ocr_line' id='line_1_31' title="bbox 223 3751 1388 3954; baseline 0.002 -106"><span class='ocrx_word' id='word_1_241' title='bbox 223 3791 380 3865; x_wconf 79' lang='lat' dir='ltr'><strong>(Hermayr</strong></span> <span class='ocrx_word' id='word_1_242' title='bbox 391 3793 469 3864; x_wconf 78' lang='lat' dir='ltr'><strong>utelu,</strong></span> <span class='ocrx_word' id='word_1_243' title='bbox 480 3769 609 3852; x_wconf 80' lang='lat' dir='ltr'><strong>Goldeue</strong></span> <span class='ocrx_word' id='word_1_244' title='bbox 621 3791 747 3851; x_wconf 82' lang='lat' dir='ltr'><strong>Ohrenik</strong></span> <span class='ocrx_word' id='word_1_245' title='bbox 757 3753 814 3849; x_wconf 77' lang='lat' dir='ltr'><strong>reu</strong></span> <span class='ocrx_word' id='word_1_246' title='bbox 824 3789 1254 3954; x_wconf 69' lang='lat' dir='ltr'><strong>Hohensphwangaudlttmnheu</strong></span> <span class='ocrx_word' id='word_1_247' title='bbox 1268 3751 1348 3850; x_wconf 69' lang='lat' dir='ltr'><strong>lssii.</strong></span> <span class='ocrx_word' id='word_1_248' title='bbox 1385 3823 1388 3830; x_wconf 66' lang='lat'>=</span> 
     </span>
     <span class='ocr_line' id='line_1_32' title="bbox 497 3883 942 3942; baseline -0.016 2"><span class='ocrx_word' id='word_1_249' title='bbox 497 3907 500 3914; x_wconf 60' lang='lat'><em>¹</em></span> <span class='ocrx_word' id='word_1_250' title='bbox 620 3885 657 3942; x_wconf 91' lang='grc' dir='ltr'><strong>ΙΙ.</strong></span> <span class='ocrx_word' id='word_1_251' title='bbox 672 3888 742 3942; x_wconf 82' lang='lat' dir='ltr'><strong>osut.</strong></span> <span class='ocrx_word' id='word_1_252' title='bbox 761 3883 806 3941; x_wconf 84' lang='grc'><strong>66.</strong></span> <span class='ocrx_word' id='word_1_253' title='bbox 820 3883 838 3939; x_wconf 91' lang='lat' dir='ltr'><strong>l.</strong></span> <span class='ocrx_word' id='word_1_254' title='bbox 853 3885 942 3940; x_wconf 73' lang='lat' dir='ltr'><strong>cuch.</strong></span> 
     </span>
    </p>
   </div>
   <div class='ocr_carea' id='block_1_4' title="bbox 654 4163 889 4176">
    <p class='ocr_par' dir='ltr' id='par_1_4' title="bbox 654 4163 889 4176">
     <span class='ocr_line' id='line_1_33' title="bbox 654 4163 889 4176; baseline -0.009 -2"><span class='ocrx_word' id='word_1_255' title='bbox 654 4163 889 4176; x_wconf 54' lang='grc' dir='ltr'><strong>-ι-φ-ι</strong></span> 
     </span>
    </p>
   </div>
   <div class='ocr_carea' id='block_1_5' title="bbox 0 0 1612 5018">
    <p class='ocr_par' dir='ltr' id='par_1_5' title="bbox 0 0 1612 5018">
     <span class='ocr_line' id='line_1_34' title="bbox 0 0 1612 5018; baseline 0 0"><span class='ocrx_word' id='word_1_256' title='bbox 0 0 1612 5018; x_wconf 95' lang='lat' dir='ltr'><strong> </strong></span> 
     </span>
    </p>
   </div>
  </div>
 </body>
</html>
