3154 5030
294 938 316 1003 Ι
319 935 356 1009 V.
373 939 559 1028 Incaepdpa
574 961 614 1004 az
638 941 822 1027 eszterpami
836 939 983 1005 &selemia
1001 939 1417 1028 postnbfltodeaeipbrpdkbt

262 1129 266 1136 Ι
293 1047 567 1134 Horodtorszdpbo
580 1047 828 1114 acommodata
852 1047 989 1136 apostoli
1012 1049 1133 1116 tueare
1146 1053 1250 1117 navat
1261 1049 1415 1115 1:521243.

399 1227 605 1294 Innocentius
616 1227 799 1313 Episcopus
815 1235 875 1296 etc.
888 1229 1069 1296 venerabili
1084 1229 1181 1298 fatri.
1199 1277 1207 1293 .
1224 1211 1415 1314 (Episcopo

291 1333 455 1419 qnondam
471 1336 638 1428 Waciensi
662 1325 695 1402 in
721 1335 976 1420 strigoniensem
992 1327 1281 1423 Archiepiscopnm
1305 1341 1416 1420 postu-

290 1442 360 1508 lato
376 1444 513 1510 salntem
531 1452 590 1510 etc.
608 1443 768 1511 Virtutum
785 1444 934 1511 dominus
950 1445 985 1511 in
1000 1445 1083 1528 hiis,
1109 1463 1174 1529 que
1188 1445 1293 1531 ipsius
1308 1445 1416 1531 respi-

292 1549 381 1616 einnt
397 1550 546 1634 gloriam,
563 1558 596 1618 te
612 1553 708 1620 talem
726 1553 907 1621 reddidisse
922 1551 1049 1637 dicitnr,
1066 1561 1102 1620 ut
1117 1573 1176 1639 per
1185 1558 1327 1620 remotas
1338 1555 1416 1636 pstr-

291 1665 342 1724 tes
358 1665 389 1724 et
405 1660 573 1744 proximas
589 1666 642 1728 tue
658 1661 745 1730 farne
762 1661 943 1746 fragrantia
957 1660 1156 1728 diffundatur
1169 1661 1220 1726 Ex
1236 1660 1298 1726 hoc
1313 1661 1417 1744 igitur

290 1787 409 1835 secura·
422 1777 551 1854 sumpta
562 1768 694 1854 fiducia,
707 1769 794 1854 qnod
810 1771 842 1836 in
858 1771 1070 1854 ampliatione
1086 1767 1245 1834 catholice
1260 1765 1336 1834 fidei
1353 1765 1415 1832 fer-

291 1897 371 1945 vens
388 1881 420 1944 et
436 1877 575 1962 pervigil
593 1877 720 1945 debeas
741 1879 900 1960 inueniri,
926 1877 986 1944 tibi
1000 1877 1186 1960 *legationis
1213 1873 1357 1941 officinm
1382 1875 1422 1941 in*

237 2055 240 2060 ,
291 1983 424 2052 Oroatia
450 1993 482 2053 et
507 1983 675 2052 Dalmatia
700 1985 850 2053 duximus
867 1987 1150 2053 committendum:
1176 1981 1417 2051 fraternitatem

220 2123 226 2136 ι
291 2095 380 2155 tuam
397 2109 549 2174 rogamus
565 2097 600 2156 et
614 2091 823 2158 obsecramus
839 2093 872 2158 in
888 2078 1019 2158 domino
1035 2093 1115 2160 Jesn
1132 2091 1279 2172 Christo,
1302 2097 1418 2173 qnate-

292 2217 354 2263 nus
371 2197 503 2264 indutus
519 2197 708 2266 fortitudine
732 2219 773 2267 ae
798 2199 916 2267 virtute
932 2201 1115 2287 precinctus
1132 2197 1305 2284 pravitatis
1323 2198 1417 2265 bere

291 2303 356 2371 tice
373 2307 529 2389 maculas,
546 2307 664 2392 quibus
680 2315 766 2376 terre
782 2307 970 2392 hujusmodi
996 2309 1101 2390 nimis,
1118 2309 1202 2375 sicut
1217 2309 1417 2393 accepimns,

292 2419 369 2478 sunt
385 2411 514 2498 infecte,
531 2415 580 2480 sio
596 2415 637 2482 de
654 2416 735 2502 ipsis
750 2415 869 2483 Dirine
885 2417 1031 2503 potentie
1048 2416 1247 2502 propitiante
1266 2412 1418 2481 subsidio

291 2537 349 2605 per
365 2528 397 2589 te
413 2541 453 2588 ac
469 2523 552 2589 alios
569 2521 612 2589 ad
628 2524 690 2592 hoc
707 2523 842 2592 idoneos
859 2523 995 2592 abolere
1011 2523 1167 2608 studeas,
1193 2521 1280 2605 qnod
1295 2519 1418 2588 ibidem

290 2622 478 2696 christiana
496 2631 601 2714 possit
615 2631 728 2716 vigere
744 2632 860 2716 religio
877 2631 920 2698 ad
936 2631 1024 2698 illius
1044 2629 1197 2698 bombrem
1214 2629 1416 2714 etgloriam,

290 2735 324 2802 in
342 2739 434 2822 cujus
451 2737 656 2823 beneplacito
672 2738 813 2825 geritur,
838 2745 874 2807 ut
898 2739 1083 2826 perempnis
1108 2739 1174 2805 vite
1200 2735 1341 2803 felicitas
1356 2755 1419 2822 per

293 2843 370 2912 fidei
385 2847 558 2931 puritatem
575 2855 608 2914 et
624 2848 808 2916 innocentie
822 2851 962 2916 studium
978 2849 1174 2931 acquiratur.
1190 2845 1360 2930 Ceterum,
1379 2853 1420 2911 ut

292 2952 378 3037 quod
395 2955 428 3018 in
444 2954 508 3020 hac
523 2962 616 3039 parto
633 2955 804 3040 prudentie
819 2964 874 3022 tue
892 2955 1123 3023 committimus
1138 2953 1347 3021 adeffeetnm
1358 2951 1417 3019 de-

291 3055 367 3127 duci
385 3061 527 3148 facilem,
544 3063 614 3158 Deo
630 3065 780 3150 propitio,
799 3064 1008 3148 gaudeamus,
1026 3063 1055 3129 si
1069 3062 1182 3129 forsan
1197 3061 1299 3145 aliqui
1314 3078 1420 3145 super

290 3178 358 3236 tam
382 3169 437 3259 pio
463 3171 616 3266 negotio,
641 3179 707 3238 tarn
734 3173 857 3240 salubri
882 3171 1139 3240 contradictores
1156 3170 1276 3237 fuerint
1291 3175 1418 3237 autre·

290 3279 413 3365 belles,
431 3279 520 3364 quod
535 3297 595 3364 per
611 3299 782 3347 censuram
798 3263 1076 3364 ecelesiasticam,
1093 3299 1134 3346 ac
1149 3280 1177 3344 si
1192 3295 1329 3348 necesse
1345 3275 1419 3346 fne-

289 3389 332 3454 rit
356 3407 416 3473 per
442 3386 623 3454 subsidium
649 3387 773 3454 brachii
798 3388 958 3457 secularis
983 3389 1110 3455 illorum
1135 3387 1243 3472 possis
1259 3384 1418 3452 cohibere

289 3495 479 3578 nequitiam,
494 3493 555 3560 tibi
572 3493 765 3561 anctoritate
781 3495 980 3580 presentium
991 3493 1200 3562 concedimus
1210 3491 1418 3560 facultatem

292 3600 415 3669 Datum
429 3597 699 3687 AnagnieXIIlI.
710 3601 779 3670 kal.
794 3601 933 3690 Augusti
949 3598 1175 3689 (Pontificatus
1190 3597 1311 3688 nostri)
1327 3619 1420 3668 anno

290 3728 404 3795 prrmo.
697 3722 707 3734 ·’

290 3983 292 3993 1
409 3917 471 3992 (tv.
483 3922 566 3978 lncae
578 3922 656 3996 pulpa
667 3921 850 3995 Regestunot
863 3921 988 3981 Tbciner
1000 3921 1039 3979 id.
1052 3939 1089 3979 m.
1102 3923 1124 3982 1.
1137 3923 1165 3982 k.
1178 3921 1240 3982 let.
1252 3919 1286 3996 l.)

769 4206 955 4216 ..ι-...ψη
