3140 5044
745 797 821 864 m.
857 833 861 844 ·

225 956 398 1070 &panim
413 982 482 1065 aeje
498 999 519 1041 a
534 975 625 1064 qyiiri
638 975 796 1064 tepulae
811 962 885 1042 elce
892 979 999 1064 cynica
1013 977 1131 1064 rzolpdt
1146 974 1339 1060 odomonyos

380 1109 401 1150 a
414 1083 641 1174 paonoohohni
655 1107 698 1150 se.
714 1087 854 1150 marioni
868 1083 1060 1173 epytcznak.
1079 1083 1176 1150 1245.

325 1266 507 1352 Capitulum
520 1264 670 1333 Ecclesie
681 1263 862 1332 Jeuriensis
871 1259 1034 1330 uniuersis
1050 1261 1171 1330 christi
1186 1257 1339 1330 fidelibus

212 1395 264 1443 am
281 1375 490 1461 presentibus
510 1392 606 1456 quam
623 1371 763 1452 suturis,
788 1379 959 1459 presentes
990 1371 1118 1438 litteras
1134 1369 1333 1456 inspecturis

215 1484 354 1552 salntem
370 1481 403 1546 in
413 1499 462 1564 eo,
474 1479 530 1562 qui
545 1483 595 1546 est
609 1478 699 1546 salos
709 1476 860 1544 omnium.
871 1478 923 1546 Ad
932 1479 1157 1546 uniuersorum
1182 1477 1336 1546 noticiam

217 1599 330 1658 tenore
363 1586 569 1674 presencium
593 1587 740 1653 uolumus
765 1586 947 1671 peruenire,
978 1584 1063 1670 quod
1078 1603 1161 1652 uxor
1176 1585 1339 1668 quondam

217 1693 333 1783 Opuoh
350 1697 391 1763 de
402 1694 483 1762 oilla
498 1693 655 1761 Soeulous
665 1694 710 1761 ad
720 1700 865 1762 nostrum
876 1691 1038 1760 accedens
1053 1692 1256 1778 presenciam
1268 1711 1341 1759 con-

217 1803 308 1870 fessa
333 1809 385 1870 est
409 1821 446 1870 se
456 1802 601 1869 donasse
620 1821 680 1888 pro
696 1799 840 1867 remedio
859 1800 968 1868 anime
978 1819 1038 1868 sue
1053 1799 1202 1867 Ecclesia
1226 1799 1341 1867 Sancti

215 1910 346 1978 Martini
360 1909 402 1976 de
418 1910 521 1978 Sacro
538 1908 646 1976 Monte
656 1909 824 1976 Pannonia
835 1915 908 1974 octo
925 1909 1036 1994 capita
1052 1905 1227 1991 hominum,
1242 1905 1335 1974 vide·

218 2019 314 2086 lioet:
339 2018 499 2085 Jacobum
515 2017 557 2084 de
571 2016 653 2085 uilla
665 2016 769 2083 Eibeu
781 2037 852 2084 oum
862 2015 930 2083 titio
947 2023 980 2082 et
994 2022 1082 2083 terra
1097 2035 1158 2082 sua
1174 2015 1334 2082 existente

220 2128 253 2194 in
269 2127 383 2194 eadem
409 2117 508 2212 uilia,
532 2124 673 2212 Dotem,
695 2125 868 2212 Gyurcam,
893 2129 927 2192 et
941 2125 1040 2191 olium
1066 2123 1241 2211 Gyurcam,
1257 2124 1339 2192 Lau-

224 2236 367 2302 reneium
385 2254 523 2320 quoque,
550 2235 691 2321 Thyben
708 2241 742 2302 et
757 2235 894 2322 Elyam,
919 2252 1001 2317 qnos
1015 2233 1106 2300 uuila
1121 2233 1278 2301 servitute
1293 2237 1340 2298 tc·

112 2361 117 2374 ·
226 2342 297 2408 neri
313 2340 499 2427 constituit,
523 2341 588 2408 nisi
603 2349 639 2408 ut
654 2341 774 2427 singuli
790 2341 886 2408 annis
902 2341 1041 2428 singulis
1051 2339 1179 2427 pretate
1194 2339 1342 2407 Ecclesie

220 2447 389 2515 dimidium
405 2454 529 2515 tuntum
546 2446 705 2516 fertonem
725 2448 851 2516 soluere
866 2454 1048 2516 teneantur.
1064 2447 1116 2514 Ne
1132 2451 1242 2513 autem
1257 2467 1332 2533 pro·

221 2575 318 2624 cessu
334 2561 514 2641 temporum
531 2557 671 2626 donacio
686 2556 814 2643 prefate
830 2555 958 2622 domine
968 2574 1028 2641 per
1039 2559 1195 2640 cognatos
1211 2554 1264 2621 uel
1280 2553 1334 2620 hc

224 2665 321 2734 redes
337 2684 414 2732 suos
431 2665 464 2732 in
480 2664 604 2732 irritum
627 2667 734 2751 possit
742 2664 899 2746 reuocari,
924 2665 968 2731 ad
984 2662 1176 2750 peticionem
1192 2661 1337 2747 predicte

223 2773 352 2841 domine
368 2781 539 2861 presentes
563 2772 691 2840 litteras
716 2773 824 2856 sigilio
840 2771 983 2858 Capituli
999 2771 1102 2838 nostri
1117 2769 1258 2837 munitas
1272 2769 1338 2837 Ain

224 2881 295 2949 bati
307 2887 340 2946 et
350 2880 532 2948 Conuentui
548 2878 694 2966 predicte
705 2879 854 2946 Ecclesie
871 2877 944 2946 dari
959 2877 1107 2944 fecimus.
1123 2877 1218 2946 Anno
1232 2873 1343 2943 Domi·

220 2988 293 3054 nice
308 2985 759 3056 IncarnationisM⁰OC⁰XL⁰
778 2985 898 3070 quinto.
920 2983 1254 3071 chepano-Proposito
1265 2981 1341 3052 Jeu·

228 3093 361 3181 ricensi,
378 3097 483 3181 Syxto
499 3095 649 3179 (lentore,
661 3095 786 3163 'Phoma
795 3092 946 3178 Custode,
962 3093 1096 3161 Matheo
1110 3093 1255 3168 Decano,
1271 3092 1339 3159 Ma-

226 3201 328 3286 gistro
344 3201 556 3288 Wyrnnkone
572 3203 820 3289 Archydiocono
848 3201 869 3268 J
871 3201 1035 3269 eurinensi
1050 3199 1273 3267 existentibus.

371 3359 516 3433 (Eredetis
533 3377 552 3416 a
569 3357 783 3416 ssent-mertoni
801 3355 955 3432 ftiapttstg
967 3353 1188 3426 revelatione.)

649 3650 905 3662 *a*
