3184 5064
718 173 877 276 Q

238 374 345 444 dimus
360 373 487 440 litteras
503 371 643 456 duplicis
660 371 762 456 sigilli
778 371 885 440 nostri
900 367 1078 434 munimine
1098 367 1281 432 roboratas.
1298 363 1363 428 Da·

235 492 303 550 tam
328 503 387 570 per
410 501 526 548 manus
550 481 699 564 magistri
726 481 820 546 Pauli
844 477 1006 562 Prepesiti
1038 472 1253 544 Paeoniensis
1284 473 1361 539 aule

235 603 347 664 nostre
364 589 659 661 vicecancellarii
681 606 768 656 anno
785 586 917 654 Domini
933 582 1109 651 millesimo
1137 580 1362 648 ducentesimo

235 699 444 790 sexagesimo
460 697 565 786 Regni
580 703 692 765 antem
708 695 813 762 nostri
829 713 916 760 anno
932 691 1105 774 vigesimo.

377 897 522 972 (Eredstis
540 912 558 950 a
576 891 794 951 ssent-mentori
811 885 969 962 idapdtsdg
987 883 1208 956 levdltirdban.)

663 1093 922 1114 ,μυ-*1

756 1539 837 1610 222.

232 1728 342 1793 Istvdn
356 1725 461 1814 iffobb
477 1722 584 1810 kirtly
600 1745 621 1785 a
633 1722 779 1810 poroscui
793 1720 948 1806 topotnct
963 1746 984 1788 a
1001 1721 1240 1811 pennontatmt
1263 1721 1355 1805 apdt-

457 1861 459 1866 *
531 1830 653 1916 sdpnclr
668 1829 913 1915 adomdnyozcc.
932 1829 1030 1896 1260.

338 2009 523 2096 Stephanus
549 2006 613 2074 Dei
639 2007 754 2094 gracia
779 2008 850 2075 Rex
863 1997 1113 2094 'primogenitus
1137 2005 1262 2077 domini
1276 2007 1354 2074 Belo

229 2118 371 2186 illustris
396 2119 498 2203 Regis
519 2115 685 2202 ,Vngarie,
709 2115 786 2182 Dux
810 2115 1079 2202 Transsyloanns
1104 2116 1255 2183 omnibus
1279 2134 1351 2200 pre·

228 2233 342 2292 sentes
358 2226 484 2292 litteras
495 2223 691 2309 inspecturis
702 2223 883 2290 salntemin
900 2243 979 2292 vero
989 2223 1139 2292 salutari.
1156 2222 1208 2290 Ad
1225 2222 1352 2290 uniuer-

228 2351 337 2402 sorum
352 2331 559 2419 presencium
585 2337 852 2416 posterorumque
868 2332 1028 2401 noticiam
1053 2331 1170 2398 harum
1187 2331 1273 2398 serie
1298 2350 1350 2396 ro

228 2441 334 2508 lomus
350 2439 544 2525 peruenire,
570 2439 658 2522 quod
672 2459 732 2507 nos
749 2439 837 2509 circa
854 2441 1037 2508 Ecclesiam
1052 2441 1149 2510 Beati
1164 2439 1296 2508 diutini
1311 2439 1352 2507 de

227 2550 329 2617 Sacro
340 2547 449 2615 Monte
460 2547 629 2615 Pannonis
639 2547 728 2614 ducti
736 2549 869 2635 pietate,
881 2550 1128 2617 considerantes
1138 2550 1202 2616 imo
1214 2547 1348 2616 tirmiter

227 2656 417 2739 credentes,
446 2673 486 2721 ex
511 2655 652 2722 terrenis
676 2656 771 2723 bonis
796 2655 919 2724 Diuino
936 2658 1035 2725 cultui
1050 2657 1182 2725 collatis
1199 2656 1348 2742 muciam

226 2769 259 2831 et
274 2763 412 2832 fructum
429 2769 616 2850 reportare,
643 2763 751 2831 eidem
766 2766 917 2834 Ecclesia
942 2765 1106 2850 quandam
1129 2765 1301 2850 Capellam
1317 2763 1349 2829 in

225 2869 385 2940 honorem
401 2872 516 2940 Sancti
532 2872 694 2940 Homerici
711 2881 860 2941 vocatam
886 2877 928 2942 de
944 2876 1083 2943 Porowa
1097 2875 1131 2940 in
1150 2873 1267 2960 Bolron
1283 2873 1349 2938 exi·

224 2987 363 3047 stentem
380 2999 438 3064 pro
451 2977 558 3047 salute
573 2987 685 3048 nostra
700 3001 741 3048 ac
767 2982 873 3067 Regni
899 2985 1003 3051 nostri
1027 2982 1213 3050 stabilitate
1229 2979 1272 3048 de
1288 2979 1348 3047 Re·

222 3090 278 3174 gia
293 3087 492 3155 liberalitate
508 3085 658 3156 duximus
673 3088 916 3174 conferendam,
933 3090 980 3157 ita
995 3089 1082 3175 quod
1098 3090 1131 3156 in
1147 3089 1265 3156 eadem
1280 3087 1346 3156 fra-

222 3203 291 3264 tres
307 3193 442 3264 Ordinis
459 3196 553 3264 Beati
569 3196 743 3265 Benedicti
769 3197 841 3267 Deo
857 3197 1062 3266 famulantes
1089 3203 1345 3281 commorentur,

222 3301 382 3374 habentes
407 3304 576 3374 cellarium
603 3313 636 3375 et
660 3313 828 3375 araturam
852 3307 996 3394 ibidem,
1020 3307 1065 3376 ad
1089 3327 1226 3391 quorum
1252 3325 1345 3374 mum

222 3417 256 3478 et
271 3413 554 3481 sustentationem
570 3421 693 3483 terram
709 3417 769 3484 sub
786 3417 848 3485 tali
864 3419 980 3503 spacio
997 3423 1031 3486 et
1050 3415 1346 3504 comprehensione

221 3519 370 3587 volumus
387 3523 571 3611 assignari,
596 3530 632 3590 rt
646 3531 805 3608 quantum
821 3547 842 3594 a
858 3527 1040 3614 cymeteria
1056 3525 1162 3610 ipsius
1179 3523 1346 3612 capellos

221 3633 361 3710 quatuor
376 3633 527 3715 partitus
543 3633 648 3702 trihus
664 3635 794 3705 vicibus
804 3639 1000 3723 sagittando
1010 3645 1098 3706 terra
1108 3633 1345 3721 comprehendi

220 3736 360 3822 poterit,
383 3739 475 3807 illam
490 3739 611 3813 iratres
628 3747 797 3829 prenotati
812 3747 952 3834 pacifico
967 3747 1164 3833 possideant
1180 3750 1213 3811 et
1223 3743 1343 3828 quiete.

219 3841 263 3908 vt
279 3841 379 3928 igitur
395 3853 511 3915 nostra
526 3850 670 3920 donacio
685 3863 846 3942 perpetuo
862 3861 1066 3944 perseueret,
1075 3858 1249 3940 presentes
1265 3871 1343 3921 con·

218 3951 379 4021 cessimus
394 3953 558 4040 dupplicis
575 3960 678 4046 sigilli
693 3964 799 4032 nostri
815 3965 995 4031 munimine
1010 3964 1198 4032 roboratas.
1220 3961 1342 4028 Datum

217 4077 277 4146 per
291 4079 410 4130 manus
426 4065 577 4150 magistri
601 4070 776 4141 Benedicti
802 4073 879 4142 aula
904 4079 1018 4142 nostre
1043 4069 1343 4142 llice-(lancellerii

217 4185 306 4238 anno
322 4167 457 4242 Domini
472 4174 630 4245 cccix.

331 4347 338 4360 ¹
384 4332 529 4404 (Ersdetio
542 4353 560 4391 a
572 4337 785 4398 saentmdrtoul
799 4341 951 4418 idapdtsdg
963 4341 1186 4416 levdltdrdben.)

1572 285 1574 330 l
