3140 5044
785 307 853 373 220

739 399 834 407 --..--
850 400 897 408 .—·--

259 500 424 586 roborari,
449 507 482 567 et
496 499 529 566 in
551 508 776 586 argumentum
808 503 941 571 maioris
971 501 1050 572 fidei
1082 503 1195 590 sigilla
1221 505 1381 574 maiorum

258 611 439 675 neruorum
459 607 595 677 fecimus
610 610 744 696 apponi.
767 608 854 678 Date
869 615 947 679 sunt
962 607 1004 678 he
1021 607 1131 679 littere
1148 630 1236 679 anno
1267 611 1381 696 gnome

257 712 379 782 Μθῦὒο
394 715 674 801 quinquagesimo.

418 889 562 960 (Eredetis
573 907 592 948 a
604 889 818 950 erentmdrtoni
831 889 984 966 idapdtsdg
996 889 1219 966 lcvdltdrdban.)

775 1501 853 1570 143.

260 1717 319 1783 IV.
338 1719 426 1784 Inczc
439 1723 533 1805 pcipe
549 1745 570 1784 o
580 1721 812 1807 pannonialme'
835 1721 1030 1807 apdtsdpbon
1045 1721 1250 1806 ojraraceodc
1269 1719 1378 1786 hioele-

485 1829 545 1892 ruck
561 1830 650 1896 ismet
666 1831 711 1892 40
725 1829 805 1916 napi
820 1829 929 1893 bcosdt
945 1837 1049 1914 enped.
1069 1829 1166 1892 1251.

365 2005 576 2072 Innocentius
600 2007 784 2092 Episcopus
801 2023 916 2072 seruus
932 2023 1101 2072 seruorum
1118 2005 1181 2072 Dei
1197 2004 1329 2072 dilectis
1344 2005 1379 2070 fi-

261 2109 348 2176 liis.
373 2157 382 2176 .
407 2160 415 2176 .
439 2112 562 2181 Abbati
578 2119 611 2180 et
634 2113 815 2182 Conuentui
841 2113 1030 2180 Monasterii
1056 2112 1171 2180 Sancti
1187 2110 1318 2178 Martini
1344 2114 1377 2178 in

262 2217 432 2284 Pannonia
448 2221 630 2288 Jouriensis
643 2219 806 2288 'Dioeeeis
833 2221 973 2287 salutem
991 2227 1024 2286 et
1039 2220 1266 2305 Apostciieam
1281 2220 1379 2284 bene-

260 2321 444 2390 dictionem.
478 2327 571 2392 Licet
590 2328 630 2412 is,
648 2327 690 2393 de
715 2328 810 2392 ouius
826 2327 1083 2408 munerarent,
1108 2333 1144 2392 ut
1160 2326 1223 2393 sibi
1239 2348 1261 2394 a
1278 2324 1379 2394 fideli-

258 2429 320 2496 bus
332 2429 401 2496 suis
413 2430 563 2516 digneao
578 2432 785 2500 laudabiliter
795 2433 965 2517 sorciatur,
978 2433 1019 2500 de
1036 2433 1261 2502 habundantia
1276 2433 1380 2518 picta·

259 2537 302 2603 tis
319 2558 389 2623 sue,
407 2559 471 2623 que
483 2541 598 2606 merita
615 2541 798 2627 supplicum
815 2539 944 2608 excedit
959 2549 992 2606 et
1008 2549 1095 2624 rote,
1112 2540 1195 2607 beno
1211 2538 1380 2607 seruienti-

257 2645 319 2711 bus
334 2647 434 2712 multo
450 2648 576 2714 maiora
586 2648 751 2729 retribuat,
769 2666 867 2730 quam
877 2648 1009 2714 ualeant
1020 2646 1216 2731 promereri3
1242 2643 1380 2712 nichilo-

259 2754 364 2820 minus
388 2757 498 2820 tumen
522 2753 750 2821 desiderantes
773 2755 912 2820 Domino
937 2752 1075 2821 reddere
1097 2753 1250 2839 populum
1282 2772 1380 2818 acce-

263 2861 432 2944 ptabilem,
448 2859 561 2928 fideles
587 2860 709 2928 Christi
725 2859 767 2928 ad
784 2859 1049 2947 complacendum
1066 2861 1096 2926 ei
1105 2912 1115 2945 ,
1139 2860 1233 2950 qnasi
1248 2859 1380 2943 quibus·

259 2969 335 3034 dam
352 2968 503 3036 illectiuis
519 2968 706 3035 muneribus
715 3018 724 3052 ‚
750 2966 962 3052 indulgentiis
988 2967 1115 3036 scilicet
1131 2973 1165 3034 ct
1179 2967 1378 3034 remissioni·

260 3074 320 3142 bus
334 3075 528 3158 inuitemus,
561 3083 595 3142 ut
612 3061 730 3142 exinde
755 3073 932 3142 reddantur
956 3075 1076 3141 Divino
1101 3075 1206 3160 gratie
1222 3075 1378 3159 aptiores.

259 3180 434 3266 Cupientes
450 3183 567 3266 igitur,
592 3189 628 3248 ut
652 3183 884 3250 Monasterium
911 3189 1054 3250 restrum
1080 3180 1232 3264 congruis
1250 3181 1378 3248 honori-

259 3289 349 3356 rihus
369 3289 598 3374 frequentetur,
625 3289 774 3357 omnibus
800 3309 877 3357 rere
908 3290 1127 3376 penitentibus
1151 3296 1184 3358 et
1199 3289 1379 3370 confessis,

257 3397 315 3481 qui
330 3397 516 3464 Ecclesiam
539 3397 646 3484 ipsam
663 3399 697 3464 in
713 3397 766 3465 dic
791 3397 1009 3468 dedicationis
1033 3397 1191 3481 eiusdem,
1208 3403 1241 3462 et
1257 3395 1380 3464 festini·

259 3503 383 3572 tutibus
398 3503 477 3570 dicti
494 3504 606 3572 Sancti
616 3504 849 3572 venerabiliter
859 3503 1085 3589 visitanerint‚
1110 3504 1152 3572 de
1168 3503 1376 3589 Omnipoten-

259 3610 302 3678 tis
317 3611 381 3678 Dei
397 3611 623 3680 misericordia
640 3618 674 3680 et
688 3613 863 3680 Beatorum
873 3613 962 3680 Petri
986 3620 1019 3680 et
1035 3613 1128 3678 Pauli
1152 3611 1381 3697 Apostolorum

261 3718 332 3784 cius
357 3719 551 3786 auctoritate
580 3716 714 3802 confisi,
737 3718 959 3812 quadraginta
972 3716 1055 3798 ¹dies
1072 3718 1167 3786 annis
1182 3717 1320 3802 singulis
1337 3715 1380 3782 dc

236 3907 240 3918 Ι
258 3825 404 3892 iniuncta
418 3823 482 3892 sibi
496 3823 680 3909 penitentia
695 3825 948 3893 misericorditer
964 3829 1159 3894 relaxamus.
1176 3825 1296 3893 Datum
1312 3823 1379 3891 Me·

258 3931 381 4001 dicioni
398 3931 451 4000 VI.
468 3931 537 3999 kal.
552 3931 692 4017 Augusti
707 3930 917 4002 Pontificatus
935 3925 1036 4002 nostri
1052 3954 1139 4004 anno
1154 3952 1251 4000 nono.

419 4045 564 4180 (Ercdetie
577 4125 595 4162 a
607 4103 824 4165 esent-mtrtoni
837 4107 991 4182 fdapdtseg
1003 4105 1228 4176 revertentem.)

697 4407 942 4428 p*
