3140 5044
201 869 260 936 IV.
280 871 372 935 lucae
393 873 480 958 pcipe
498 850 684 972 Istu'duuuk,
696 867 790 952 ,eluet
807 869 993 966 esztcrpumu‘¹
1003 865 1148 933 dusekuels
1163 847 1239 933 uacat
1250 889 1322 956 pre-

199 981 310 1043 uesztcc'
336 973 666 1064 Mboruokpttapdlcuelc
691 975 888 1062 mepeupcdr',
912 975 991 1061 bopy
1007 978 1251 1062 crematarpurui
1275 975 1321 1037 dr·

235 1086 339 1184 rehey
354 1084 514 1151 tizedeuek
529 1082 782 1148 tizeuburmudilc
797 1084 894 1148 resset
910 1081 1021 1148 toudbb
1035 1082 1064 1146 is
1075 1081 1182 1147 beisze.
1201 1083 1298 1146 1252.

305 1263 513 1331 Innocentius
537 1260 719 1348 Episcopus
744 1267 805 1328 etc.
822 1259 1005 1328 venerabili
1028 1259 1128 1326 fratri·
1152 1261 1326 1346 Stephano

200 1373 364 1460 Episcopo
381 1370 573 1439 Prenestino
590 1373 729 1437 salntem
745 1377 806 1438 etc.
826 1371 861 1437 Sl
877 1389 1053 1454 congruum
1071 1369 1255 1438 honestatis
1272 1375 1322 1434 est

200 1477 353 1564 debitum,
371 1479 399 1544 si
409 1480 499 1564 pium
508 1477 720 1544 humanitatis
731 1477 880 1560 officium,
898 1478 925 1543 si
938 1479 1055 1544 iustum
1066 1478 1219 1544 iudicium
1231 1477 1321 1559 equi·

199 1587 277 1654 tutis
293 1585 514 1670 Pontificibus,
533 1585 586 1667 qui
596 1573 661 1651 iam
674 1585 799 1650 emeriti
810 1587 851 1652 ad
863 1585 980 1668 quietis
991 1578 1159 1651 sue'otlum
1171 1585 1320 1651 relaxan-

200 1701 271 1776 tur,
297 1692 338 1759 de
358 1693 453 1770 bonis
469 1687 709 1775 Ecclesiaru'm,
745 1691 861 1774 quibus
886 1711 926 1756 ex
942 1689 1071 1776 ydonee
1087 1711 1187 1757 eausa
1204 1693 1323 1757 cedunt

200 1801 666 1882 sustentationemeongruam
692 1798 879 1883 assignari,
904 1797 1008 1876 uideri
1032 1818 1097 1863 non
1114 1797 1211 1864 debet
1236 1797 1323 1862 indi-

201 1928 313 1993 gnum,
330 1914 371 1991 te,
389 1926 483 1988 quem
501 1906 544 1973 ad
561 1905 820 1990 supportandum
832 1905 1000 1972 nobiseum
1017 1907 1217 1972 laboriosam
1237 1905 1324 1972 orbis

201 2001 367 2090 sarcinam
383 2015 531 2080 Romana
548 2013 884 2097 Ecclesia'cvocavit,
909 2031 980 2077 cum
997 2013 1206 2079 admaiorum
1224 2031 1323 2097 nego-

200 2123 316 2188 tiorum
333 2121 522 2202 certamina,
541 2126 639 2203 quam
654 2120 781 2204 pridem
799 2119 941 2186 humeris
951 2119 1014 2185 tuis
1026 2118 1060 2184 in
1071 2119 1227 2204 regimine
1244 2121 1323 2188 Stri-

87 2247 90 2255 ·
200 2227 366 2312 goniensis
378 2227 537 2308 Ecclesie,
556 2227 597 2291 de
609 2217 831 2312 quite-nuper
841 2226 1086 2314 assumpsimus,
1102 2212 1324 2312 imminebant,

200 2334 288 2419 apud
299 2333 420 2402 Sedcm
429 2332 651 2418 Apostolicam
664 2353 722 2417 pro
740 2333 850 2416 quiete
867 2326 1008 2399 omnium
1029 2335 1076 2399 sis
1091 2334 1262 2422 ascriptus,
1281 2339 1323 2404 ab
1388 2329 1392 2338 ’

202 2444 346 2510 ciusdem
359 2439 592 2526 strigoniensis
604 2431 751 2508 Ecclesic
762 2461 825 2507 non
837 2442 937 2507 avelli
948 2461 1081 2526 prorsus
1091 2439 1256 2528 uberibus,
1272 2444 1324 2513 cui

200 2548 412 2626 laudabiliter
422 2547 588 2632 prefecisti
598 2541 681 2632 (lgy,
694 2531 972 2632 lalauprcfuistl),
984 2567 1044 2628 nec
1054 2550 1170 2637 minus,
1181 2553 1325 2622 donante

200 2657 339 2731 Domino
349 2655 507 2741 prodesse
517 2654 640 2739 poteris
651 2655 684 2720 in
695 2653 846 2720 futurum.
856 2655 929 2721 Hac
946 2655 1044 2740 igitur
1061 2659 1247 2726 rationabili
1264 2681 1325 2730 nos

203 2755 466 2831 consideratione
483 2769 646 2845 movente,
665 2781 736 2828 eum
754 2761 988 2830 decimationes
1006 2763 1051 2829 ud
1066 2765 1324 2850 strigoniensem

201 2869 532 2960 Arcblepiscopatum
549 2876 736 2956 spectantes
748 2871 989 2955 distinguantur
1007 2872 1039 2938 in
1057 2861 1325 2958 tredecim,.sicut

203 2982 402 3065 accepimus,
418 2979 596 3065 portiones,
614 2997 677 3062 que
694 2976 1012 3045 cultelli-secundum
1029 2979 1173 3061 regionis
1190 3001 1325 3052 consue·
1379 3003 1381 3008 ·

113 3121 116 3130 ·
202 3089 607 3172 tudinemnuncupantur,
639 3087 730 3153 illam
749 3086 924 3156 earundem
940 3087 1191 3156 decimationum
1207 3093 1326 3176 portio·
1355 3127 1358 3134 ·

87 3239 90 3247 ι
182 3181 278 3262 ἠοω
305 3197 376 3262 sive
402 3195 587 3278 cultellum,
611 3213 673 3276 quc
699 3195 752 3258 vel
778 3194 832 3275 qui
859 3195 1011 3260 Collucuz
1028 3195 1236 3283 (Csalltkdz)
1254 3199 1325 3265 sire

204 3307 310 3379 minus
335 3299 537 3387 possomium
564 3291 773 3388 (Posonium)
790 3301 924 3385 dicitur,
940 3303 1000 3367 libi
1016 3299 1075 3387 pro
1092 3311 1148 3368 lua
1164 3290 1326 3372 sustenta-

204 3411 295 3478 tione
310 3411 510 3494 prescntium
528 3411 723 3475 auctoritate
750 3410 959 3476 concedimus
976 3409 1101 3492 integre
1129 3433 1201 3478 eum
1228 3419 1327 3482 omni-

204 3521 266 3586 bus
282 3518 350 3583 suis
376 3515 584 3602 pertinentiis
600 3517 780 3600 consuetis,
808 3515 963 3599 quamdiu
980 3505 1112 3600 vixeris,
1130 3519 1235 3589 liber'e
1251 3523 1327 3589 reti·
1454 3503 1458 3510 ³

205 3619 357 3691 nendamss
382 3623 472 3689 Nulli
502 3642 578 3706 ergo
596 3629 657 3688 etc.
675 3629 786 3689 nostre
803 3625 1027 3689 concessionis
1045 3631 1105 3690 etc.
1123 3625 1250 3694 Datum
1267 3632 1326 3700 Pe·

205 3731 286 3798 rusii
301 3731 415 3796 Idibus
430 3731 625 3797 Novembris
642 3729 866 3816 (Pontificatus
885 3726 1002 3815 nostri)
1020 3751 1107 3798 enno
1124 3731 1172 3816 X.-

298 3887 306 3902 .
336 3886 343 3902 .
369 3839 501 3906 .Sancti
512 3837 643 3904 Martini
659 3837 699 3903 de
711 3839 880 3904 Pannonia
891 3835 1151 3916 OrdinisSaucti
1160 3843 1330 3914 Benedicti

174 3931 178 3940 ’
206 3953 256 4011 et.
287 3995 293 4008 .
321 3994 329 4009 .
353 3945 394 4010 de
407 3945 531 4010 Pelixio
544 3939 654 4030 (Pilis)
666 3943 892 4036 cisterciensis
905 3945 1037 4013 Ordinis
1048 3948 1198 4026 Abbates
1221 3937 1351 4016 lauris
1390 3939 1395 3948 '

176 4043 179 4050 ’
205 4053 296 4118 ensis
313 4059 346 4120 et
363 4050 615 4138 vesprimiensis
626 4053 826 4120 wDioce'sium'
839 4053 909 4120 dati
926 4059 1001 4120 sunt
1012 4055 1108 4141 supe‘r
1124 4055 1184 4122 boc
1200 4065 1330 4124 conscr-
1400 4114 1404 4122 .

205 4167 349 4228 ratores.
366 4159 440 4225 Non
465 4145 637 4243 obstante,
656 4162 684 4226 si
701 4161 800 4227 alicui
817 4181 838 4226 a
855 4160 940 4230 Sede
958 4161 1153 4262 ¹apostolica
1169 4163 1212 4229 sit
1227 4161 1330 4228 indul·

205 4272 272 4332 tum
289 4273 350 4334 etc.
368 4265 460 4356 Quo'd
479 4268 508 4333 si
524 4286 589 4332 non
606 4269 702 4335 ambo
719 4275 781 4335 etc.

220 4403 223 4408 ·
323 4387 1234 4490 <rumespercsegestrum,uuernerra.m„1.u.2rs.r.)
1296 4371 1301 4381 “

644 4585 890 4598 nun—o—-o--u—
898 4593 902 4601 .

1113 4695 1173 4762 rs*
1221 4676 1223 4680 ’
