<?xml version="1.0" encoding="UTF-8"?>
<!DOCTYPE html PUBLIC "-//W3C//DTD XHTML 1.0 Transitional//EN"
    "http://www.w3.org/TR/xhtml1/DTD/xhtml1-transitional.dtd">
<html xmlns="http://www.w3.org/1999/xhtml" xml:lang="en" lang="en">
 <head>
  <title>
</title>
<meta http-equiv="Content-Type" content="text/html;charset=utf-8" />
  <meta name='ocr-system' content='tesseract 3.04.00' />
  <meta name='ocr-capabilities' content='ocr_page ocr_carea ocr_par ocr_line ocrx_word'/>
</head>
<body>
  <div class='ocr_page' id='page_1' title='image "./codexdiplomatic11wenzgoog_0105.png"; bbox 0 0 3220 5058; ppageno 0'>
   <div class='ocr_carea' id='block_1_1' title="bbox 740 198 898 300">
    <p class='ocr_par' dir='ltr' id='par_1_1' title="bbox 740 198 898 300">
     <span class='ocr_line' id='line_1_1' title="bbox 740 198 898 300; baseline 0 0"><span class='ocrx_word' id='word_1_1' title='bbox 740 293 745 300; x_wconf 90' lang='lat'><em>.</em></span> <span class='ocrx_word' id='word_1_2' title='bbox 764 198 898 300; x_wconf 50' lang='grc' dir='ltr'>Α.</span> 
     </span>
    </p>
   </div>
   <div class='ocr_carea' id='block_1_2' title="bbox 257 395 1389 2756">
    <p class='ocr_par' dir='ltr' id='par_1_2' title="bbox 257 395 1385 2002">
     <span class='ocr_line' id='line_1_2' title="bbox 257 395 1373 488; baseline -0.001 -21"><span class='ocrx_word' id='word_1_3' title='bbox 257 399 373 486; x_wconf 82' lang='lat' dir='ltr'>Elyam</span> <span class='ocrx_word' id='word_1_4' title='bbox 389 398 489 466; x_wconf 86' lang='lat' dir='ltr'>filium</span> <span class='ocrx_word' id='word_1_5' title='bbox 505 399 652 486; x_wconf 75' lang='lat' dir='ltr'>magistri</span> <span class='ocrx_word' id='word_1_6' title='bbox 668 402 815 488; x_wconf 77' lang='lat' dir='ltr'>Ohepani</span> <span class='ocrx_word' id='word_1_7' title='bbox 840 420 880 468; x_wconf 85' lang='lat' dir='ltr'>ac</span> <span class='ocrx_word' id='word_1_8' title='bbox 904 417 964 486; x_wconf 90' lang='lat' dir='ltr'>per</span> <span class='ocrx_word' id='word_1_9' title='bbox 978 399 1068 485; x_wconf 89' lang='lat' dir='ltr'>ipsos</span> <span class='ocrx_word' id='word_1_10' title='bbox 1085 397 1278 466; x_wconf 84' lang='lat' dir='ltr'>rdrornicos</span> <span class='ocrx_word' id='word_1_11' title='bbox 1286 445 1295 479; x_wconf 92' lang='lat'>,</span> <span class='ocrx_word' id='word_1_12' title='bbox 1313 395 1373 466; x_wconf 80' lang='lat'>00·</span> 
     </span>
     <span class='ocr_line' id='line_1_3' title="bbox 257 508 1377 597; baseline -0.004 -20"><span class='ocrx_word' id='word_1_13' title='bbox 257 512 368 577; x_wconf 89' lang='lat' dir='ltr'>mitem</span> <span class='ocrx_word' id='word_1_14' title='bbox 385 517 417 578; x_wconf 91' lang='lat' dir='ltr'>et</span> <span class='ocrx_word' id='word_1_15' title='bbox 428 511 626 597; x_wconf 78' lang='lat' dir='ltr'>jobag&#39;iones</span> <span class='ocrx_word' id='word_1_16' title='bbox 642 513 873 582; x_wconf 79' lang='lat' dir='ltr'><strong>intelleximus.</strong></span> <span class='ocrx_word' id='word_1_17' title='bbox 898 513 968 578; x_wconf 85' lang='lat' dir='ltr'>Nos</span> <span class='ocrx_word' id='word_1_18' title='bbox 994 509 1092 596; x_wconf 84' lang='lat' dir='ltr'>igitur</span> <span class='ocrx_word' id='word_1_19' title='bbox 1116 508 1301 577; x_wconf 81' lang='lat' dir='ltr'>volentibus</span> <span class='ocrx_word' id='word_1_20' title='bbox 1325 524 1377 574; x_wconf 83' lang='lat' dir='ltr'>au·</span> 
     </span>
     <span class='ocr_line' id='line_1_4' title="bbox 257 617 1377 708; baseline -0.004 -22"><span class='ocrx_word' id='word_1_21' title='bbox 257 618 414 704; x_wconf 81' lang='lat' dir='ltr'>predictis</span> <span class='ocrx_word' id='word_1_22' title='bbox 430 620 636 706; x_wconf 79' lang='lat' dir='ltr'>rdrorniois,</span> <span class='ocrx_word' id='word_1_23' title='bbox 653 623 777 690; x_wconf 83' lang='lat' dir='ltr'>Oomite</span> <span class='ocrx_word' id='word_1_24' title='bbox 792 629 825 689; x_wconf 89' lang='lat' dir='ltr'>et</span> <span class='ocrx_word' id='word_1_25' title='bbox 837 619 1071 708; x_wconf 84' lang='lat' dir='ltr'>jobagionibns</span> <span class='ocrx_word' id='word_1_26' title='bbox 1087 617 1263 688; x_wconf 87' lang='lat' dir='ltr'>eorundem</span> <span class='ocrx_word' id='word_1_27' title='bbox 1278 623 1311 686; x_wconf 93' lang='lat' dir='ltr'>et</span> <span class='ocrx_word' id='word_1_28' title='bbox 1325 635 1377 682; x_wconf 86' lang='lat' dir='ltr'>as·</span> 
     </span>
     <span class='ocr_line' id='line_1_5' title="bbox 258 713 1378 816; baseline -0.005 -22"><span class='ocrx_word' id='word_1_29' title='bbox 258 729 459 814; x_wconf 77' lang='lat' dir='ltr'>serentibus,</span> <span class='ocrx_word' id='word_1_30' title='bbox 486 749 564 816; x_wconf 86' lang='lat' dir='ltr'>sepe</span> <span class='ocrx_word' id='word_1_31' title='bbox 580 731 702 797; x_wconf 87' lang='lat' dir='ltr'>dictam</span> <span class='ocrx_word' id='word_1_32' title='bbox 718 713 837 798; x_wconf 80' lang='lat' dir='ltr'>terram</span> <span class='ocrx_word' id='word_1_33' title='bbox 854 729 898 795; x_wconf 83' lang='lat' dir='ltr'>ad</span> <span class='ocrx_word' id='word_1_34' title='bbox 913 729 1131 814; x_wconf 83' lang='lat' dir='ltr'>supradictum</span> <span class='ocrx_word' id='word_1_35' title='bbox 1147 728 1185 794; x_wconf 76' lang='lat' dir='ltr'>A.</span> <span class='ocrx_word' id='word_1_36' title='bbox 1203 728 1272 794; x_wconf 88' lang='lat' dir='ltr'>inre</span> <span class='ocrx_word' id='word_1_37' title='bbox 1286 724 1378 791; x_wconf 90' lang='lat' dir='ltr'>here-</span> 
     </span>
     <span class='ocr_line' id='line_1_6' title="bbox 258 834 1377 934; baseline -0.001 -30"><span class='ocrx_word' id='word_1_38' title='bbox 258 834 376 934; x_wconf 83' lang='lat' dir='ltr'>ditario</span> <span class='ocrx_word' id='word_1_39' title='bbox 401 838 581 923; x_wconf 85' lang='lat' dir='ltr'>pertinere,</span> <span class='ocrx_word' id='word_1_40' title='bbox 607 859 682 906; x_wconf 86' lang='lat' dir='ltr'>earn</span> <span class='ocrx_word' id='word_1_41' title='bbox 707 839 861 926; x_wconf 77' lang='lat' dir='ltr'>exigente</span> <span class='ocrx_word' id='word_1_42' title='bbox 884 838 1015 905; x_wconf 80' lang='lat' dir='ltr'>iusticia</span> <span class='ocrx_word' id='word_1_43' title='bbox 1041 836 1146 905; x_wconf 90' lang='lat' dir='ltr'>eidem</span> <span class='ocrx_word' id='word_1_44' title='bbox 1163 839 1201 905; x_wconf 78' lang='lat' dir='ltr'>A.</span> <span class='ocrx_word' id='word_1_45' title='bbox 1218 845 1377 924; x_wconf 85' lang='lat' dir='ltr'>perpetuo</span> 
     </span>
     <span class='ocr_line' id='line_1_7' title="bbox 259 941 1377 1040; baseline 0.001 -29"><span class='ocrx_word' id='word_1_46' title='bbox 259 941 519 1012; x_wconf 79' lang='lat' dir='ltr'>adiudicarimns</span> <span class='ocrx_word' id='word_1_47' title='bbox 534 946 783 1033; x_wconf 80' lang='lat' dir='ltr'>possidendam,</span> <span class='ocrx_word' id='word_1_48' title='bbox 799 947 905 1040; x_wconf 86' lang='lat' dir='ltr'>dictos</span> <span class='ocrx_word' id='word_1_49' title='bbox 920 947 1114 1014; x_wconf 84' lang='lat' dir='ltr'>vdvornicos</span> <span class='ocrx_word' id='word_1_50' title='bbox 1128 949 1161 1014; x_wconf 90' lang='lat' dir='ltr'>in</span> <span class='ocrx_word' id='word_1_51' title='bbox 1178 947 1281 1032; x_wconf 81' lang='lat' dir='ltr'>regali</span> <span class='ocrx_word' id='word_1_52' title='bbox 1297 944 1377 1012; x_wconf 90' lang='lat' dir='ltr'>indi·</span> 
     </span>
     <span class='ocr_line' id='line_1_8' title="bbox 261 1053 1377 1141; baseline 0.004 -25"><span class='ocrx_word' id='word_1_53' title='bbox 261 1054 310 1118; x_wconf 90' lang='lat' dir='ltr'>cio</span> <span class='ocrx_word' id='word_1_54' title='bbox 328 1053 603 1141; x_wconf 82' lang='lat' dir='ltr'>condempnantes</span> <span class='ocrx_word' id='word_1_55' title='bbox 620 1075 678 1139; x_wconf 88' lang='lat' dir='ltr'>pro</span> <span class='ocrx_word' id='word_1_56' title='bbox 696 1075 746 1140; x_wconf 90' lang='lat' dir='ltr'>eo,</span> <span class='ocrx_word' id='word_1_57' title='bbox 763 1057 851 1138; x_wconf 86' lang='lat' dir='ltr'>quod</span> <span class='ocrx_word' id='word_1_58' title='bbox 862 1053 1119 1139; x_wconf 83' lang='lat' dir='ltr'>calumpniosam</span> <span class='ocrx_word' id='word_1_59' title='bbox 1140 1061 1308 1121; x_wconf 83' lang='lat' dir='ltr'>moverant</span> <span class='ocrx_word' id='word_1_60' title='bbox 1323 1075 1377 1121; x_wconf 88' lang='lat' dir='ltr'>ao·</span> 
     </span>
     <span class='ocr_line' id='line_1_9' title="bbox 260 1161 1380 1249; baseline -0.004 -21"><span class='ocrx_word' id='word_1_61' title='bbox 260 1161 404 1248; x_wconf 90' lang='lat' dir='ltr'>cionem;</span> <span class='ocrx_word' id='word_1_62' title='bbox 421 1169 525 1232; x_wconf 82' lang='lat' dir='ltr'>metas</span> <span class='ocrx_word' id='word_1_63' title='bbox 541 1163 645 1230; x_wconf 89' lang='lat' dir='ltr'>eciam</span> <span class='ocrx_word' id='word_1_64' title='bbox 662 1177 721 1249; x_wconf 94' lang='lat' dir='ltr'>per</span> <span class='ocrx_word' id='word_1_65' title='bbox 731 1161 853 1231; x_wconf 87' lang='lat' dir='ltr'>dictum</span> <span class='ocrx_word' id='word_1_66' title='bbox 863 1161 1057 1248; x_wconf 85' lang='lat' dir='ltr'>pristaldnm</span> <span class='ocrx_word' id='word_1_67' title='bbox 1074 1168 1227 1246; x_wconf 85' lang='lat' dir='ltr'>nostrum,</span> <span class='ocrx_word' id='word_1_68' title='bbox 1243 1166 1380 1248; x_wconf 85' lang='lat' dir='ltr'>qnetcr-</span> 
     </span>
     <span class='ocr_line' id='line_1_10' title="bbox 261 1269 1380 1358; baseline -0.003 -22"><span class='ocrx_word' id='word_1_69' title='bbox 261 1288 317 1337; x_wconf 86' lang='lat' dir='ltr'>ras</span> <span class='ocrx_word' id='word_1_70' title='bbox 333 1269 594 1356; x_wconf 83' lang='lat' dir='ltr'>supradictarum</span> <span class='ocrx_word' id='word_1_71' title='bbox 609 1270 745 1338; x_wconf 79' lang='lat' dir='ltr'>duorum</span> <span class='ocrx_word' id='word_1_72' title='bbox 762 1272 910 1340; x_wconf 80' lang='lat' dir='ltr'>villorum</span> <span class='ocrx_word' id='word_1_73' title='bbox 924 1271 1092 1352; x_wconf 83' lang='lat' dir='ltr'>dividant,</span> <span class='ocrx_word' id='word_1_74' title='bbox 1109 1291 1151 1338; x_wconf 90' lang='lat' dir='ltr'>ne</span> <span class='ocrx_word' id='word_1_75' title='bbox 1167 1272 1199 1338; x_wconf 90' lang='lat' dir='ltr'>in</span> <span class='ocrx_word' id='word_1_76' title='bbox 1214 1274 1380 1358; x_wconf 84' lang='lat' dir='ltr'>posterum</span> 
     </span>
     <span class='ocr_line' id='line_1_11' title="bbox 262 1377 1383 1464; baseline -0.002 -20"><span class='ocrx_word' id='word_1_77' title='bbox 262 1377 366 1462; x_wconf 89' lang='lat' dir='ltr'>possit</span> <span class='ocrx_word' id='word_1_78' title='bbox 382 1397 455 1444; x_wconf 88' lang='lat' dir='ltr'>esse</span> <span class='ocrx_word' id='word_1_79' title='bbox 473 1377 641 1444; x_wconf 89' lang='lat' dir='ltr'>contencio</span> <span class='ocrx_word' id='word_1_80' title='bbox 657 1380 742 1446; x_wconf 86' lang='lat' dir='ltr'>inter</span> <span class='ocrx_word' id='word_1_81' title='bbox 758 1399 824 1464; x_wconf 87' lang='lat' dir='ltr'>eos,</span> <span class='ocrx_word' id='word_1_82' title='bbox 842 1379 1072 1448; x_wconf 86' lang='lat' dir='ltr'>consenciente</span> <span class='ocrx_word' id='word_1_83' title='bbox 1086 1385 1223 1463; x_wconf 86' lang='lat' dir='ltr'>utraque</span> <span class='ocrx_word' id='word_1_84' title='bbox 1238 1385 1333 1464; x_wconf 88' lang='lat' dir='ltr'>parte</span> <span class='ocrx_word' id='word_1_85' title='bbox 1348 1382 1383 1444; x_wconf 91' lang='lat' dir='ltr'>et</span> 
     </span>
     <span class='ocr_line' id='line_1_12' title="bbox 262 1483 1383 1572; baseline 0.002 -22"><span class='ocrx_word' id='word_1_86' title='bbox 262 1491 429 1572; x_wconf 88' lang='lat' dir='ltr'>petentea</span> <span class='ocrx_word' id='word_1_87' title='bbox 447 1483 541 1552; x_wconf 91' lang='lat' dir='ltr'>nobis</span> <span class='ocrx_word' id='word_1_88' title='bbox 557 1485 692 1553; x_wconf 83' lang='lat' dir='ltr'>seoirnns</span> <span class='ocrx_word' id='word_1_89' title='bbox 708 1486 840 1554; x_wconf 80' lang='lat' dir='ltr'>elevari</span> <span class='ocrx_word' id='word_1_90' title='bbox 868 1490 910 1554; x_wconf 79' lang='lat' dir='ltr'>Et</span> <span class='ocrx_word' id='word_1_91' title='bbox 933 1495 969 1554; x_wconf 89' lang='lat' dir='ltr'>nt</span> <span class='ocrx_word' id='word_1_92' title='bbox 993 1486 1107 1553; x_wconf 87' lang='lat' dir='ltr'>futuris</span> <span class='ocrx_word' id='word_1_93' title='bbox 1122 1487 1324 1571; x_wconf 79' lang='lat' dir='ltr'>temporibus</span> <span class='ocrx_word' id='word_1_94' title='bbox 1339 1486 1383 1552; x_wconf 92' lang='lat' dir='ltr'>lis</span> 
     </span>
     <span class='ocr_line' id='line_1_13' title="bbox 263 1586 1383 1679; baseline -0.004 -19"><span class='ocrx_word' id='word_1_95' title='bbox 263 1593 371 1678; x_wconf 88' lang='lat' dir='ltr'>sopita</span> <span class='ocrx_word' id='word_1_96' title='bbox 386 1613 495 1672; x_wconf 57' lang='lat' dir='ltr'>offlam</span> <span class='ocrx_word' id='word_1_97' title='bbox 510 1593 605 1661; x_wconf 90' lang='lat' dir='ltr'>nobis</span> <span class='ocrx_word' id='word_1_98' title='bbox 623 1595 738 1660; x_wconf 85' lang='lat' dir='ltr'>iterum</span> <span class='ocrx_word' id='word_1_99' title='bbox 755 1593 909 1662; x_wconf 83' lang='lat' dir='ltr'>suscitari</span> <span class='ocrx_word' id='word_1_100' title='bbox 924 1615 988 1662; x_wconf 90' lang='lat' dir='ltr'>non</span> <span class='ocrx_word' id='word_1_101' title='bbox 1005 1595 1122 1679; x_wconf 88' lang='lat' dir='ltr'>possit,</span> <span class='ocrx_word' id='word_1_102' title='bbox 1146 1611 1225 1678; x_wconf 91' lang='lat' dir='ltr'>sepe</span> <span class='ocrx_word' id='word_1_103' title='bbox 1240 1591 1326 1660; x_wconf 87' lang='lat' dir='ltr'>dioto</span> <span class='ocrx_word' id='word_1_104' title='bbox 1336 1586 1383 1658; x_wconf 81' lang='grc' dir='ltr'>Ἀ.</span> 
     </span>
     <span class='ocr_line' id='line_1_14' title="bbox 261 1700 1382 1786; baseline 0 -20"><span class='ocrx_word' id='word_1_105' title='bbox 261 1701 373 1767; x_wconf 80' lang='lat' dir='ltr'>literas</span> <span class='ocrx_word' id='word_1_106' title='bbox 389 1706 557 1785; x_wconf 88' lang='lat' dir='ltr'>presentes</span> <span class='ocrx_word' id='word_1_107' title='bbox 573 1701 806 1784; x_wconf 76' lang='lat' dir='ltr'>concessimus,</span> <span class='ocrx_word' id='word_1_108' title='bbox 822 1702 925 1786; x_wconf 83' lang='lat' dir='ltr'>sigilli</span> <span class='ocrx_word' id='word_1_109' title='bbox 942 1702 1043 1778; x_wconf 85' lang='lat' dir='ltr'>nostri</span> <span class='ocrx_word' id='word_1_110' title='bbox 1060 1701 1236 1768; x_wconf 88' lang='lat' dir='ltr'>munimine</span> <span class='ocrx_word' id='word_1_111' title='bbox 1251 1700 1382 1768; x_wconf 81' lang='lat' dir='ltr'>robora-</span> 
     </span>
     <span class='ocr_line' id='line_1_15' title="bbox 261 1807 1385 1894; baseline -0.002 -20"><span class='ocrx_word' id='word_1_112' title='bbox 261 1817 323 1874; x_wconf 86' lang='lat' dir='ltr'>tas.</span> <span class='ocrx_word' id='word_1_113' title='bbox 341 1809 461 1874; x_wconf 86' lang='lat' dir='ltr'>Datum</span> <span class='ocrx_word' id='word_1_114' title='bbox 478 1827 564 1874; x_wconf 83' lang='lat' dir='ltr'>anno</span> <span class='ocrx_word' id='word_1_115' title='bbox 582 1811 713 1876; x_wconf 90' lang='lat' dir='ltr'>Domini</span> <span class='ocrx_word' id='word_1_116' title='bbox 730 1808 1057 1880; x_wconf 81' lang='lat' dir='ltr'><strong>M⁰Oc⁰xxx⁰vl1⁰.</strong></span> <span class='ocrx_word' id='word_1_117' title='bbox 1077 1811 1246 1894; x_wconf 83' lang='lat' dir='ltr'>Regnante</span> <span class='ocrx_word' id='word_1_118' title='bbox 1261 1807 1385 1874; x_wconf 79' lang='lat' dir='ltr'>lllnsiri</span> 
     </span>
     <span class='ocr_line' id='line_1_16' title="bbox 262 1915 1245 2002; baseline -0.001 -21"><span class='ocrx_word' id='word_1_119' title='bbox 262 1917 353 2002; x_wconf 84' lang='lat' dir='ltr'>Rege</span> <span class='ocrx_word' id='word_1_120' title='bbox 366 1915 535 2000; x_wconf 84' lang='lat' dir='ltr'>Hnngarie</span> <span class='ocrx_word' id='word_1_121' title='bbox 551 1917 632 1984; x_wconf 86' lang='lat' dir='ltr'>Bcla</span> <span class='ocrx_word' id='word_1_122' title='bbox 648 1925 771 2000; x_wconf 85' lang='lat' dir='ltr'>quarto.</span> <span class='ocrx_word' id='word_1_123' title='bbox 780 1917 885 2001; x_wconf 82' lang='lat' dir='ltr'>Regni</span> <span class='ocrx_word' id='word_1_124' title='bbox 901 1919 971 1986; x_wconf 87' lang='lat' dir='ltr'>eina</span> <span class='ocrx_word' id='word_1_125' title='bbox 989 1917 1132 2002; x_wconf 88' lang='lat' dir='ltr'>secundo</span> <span class='ocrx_word' id='word_1_126' title='bbox 1150 1935 1245 1982; x_wconf 87' lang='lat' dir='ltr'>anno.</span> 
     </span>
    </p>

    <p class='ocr_par' dir='ltr' id='par_1_3' title="bbox 265 2022 1389 2756">
     <span class='ocr_line' id='line_1_17' title="bbox 371 2022 1388 2112; baseline -0.003 -25"><span class='ocrx_word' id='word_1_127' title='bbox 371 2022 422 2088; x_wconf 86' lang='lat' dir='ltr'>Ne</span> <span class='ocrx_word' id='word_1_128' title='bbox 437 2023 537 2112; x_wconf 82' lang='lat' dir='ltr'>igitur</span> <span class='ocrx_word' id='word_1_129' title='bbox 554 2043 710 2110; x_wconf 86' lang='lat' dir='ltr'>processu</span> <span class='ocrx_word' id='word_1_130' title='bbox 726 2031 907 2109; x_wconf 83' lang='lat' dir='ltr'>tempornm</span> <span class='ocrx_word' id='word_1_131' title='bbox 923 2045 1023 2111; x_wconf 87' lang='lat' dir='ltr'>super</span> <span class='ocrx_word' id='word_1_132' title='bbox 1038 2031 1124 2092; x_wconf 83' lang='lat' dir='ltr'>terra</span> <span class='ocrx_word' id='word_1_133' title='bbox 1145 2029 1388 2108; x_wconf 87' lang='lat' dir='ltr'>prememorata</span> 
     </span>
     <span class='ocr_line' id='line_1_18' title="bbox 265 2129 1387 2217; baseline -0.003 -20"><span class='ocrx_word' id='word_1_134' title='bbox 265 2149 344 2214; x_wconf 90' lang='lat' dir='ltr'>sepe</span> <span class='ocrx_word' id='word_1_135' title='bbox 361 2129 467 2214; x_wconf 87' lang='lat' dir='ltr'>dictus</span> <span class='ocrx_word' id='word_1_136' title='bbox 483 2129 672 2196; x_wconf 81' lang='lat' dir='ltr'>Alexander</span> <span class='ocrx_word' id='word_1_137' title='bbox 687 2151 745 2217; x_wconf 88' lang='lat' dir='ltr'>per</span> <span class='ocrx_word' id='word_1_138' title='bbox 761 2131 946 2199; x_wconf 84' lang='lat' dir='ltr'>antedictos</span> <span class='ocrx_word' id='word_1_139' title='bbox 957 2131 1151 2198; x_wconf 84' lang='lat' dir='ltr'>vdvornicos</span> <span class='ocrx_word' id='word_1_140' title='bbox 1162 2129 1387 2214; x_wconf 84' lang='lat' dir='ltr'>calumpniose</span> 
     </span>
     <span class='ocr_line' id='line_1_19' title="bbox 265 2235 1388 2325; baseline -0.003 -23"><span class='ocrx_word' id='word_1_141' title='bbox 265 2235 371 2323; x_wconf 88' lang='lat' dir='ltr'>possit</span> <span class='ocrx_word' id='word_1_142' title='bbox 385 2237 542 2322; x_wconf 83' lang='lat' dir='ltr'>infestari,</span> <span class='ocrx_word' id='word_1_143' title='bbox 560 2238 736 2305; x_wconf 86' lang='lat' dir='ltr'>secundnm</span> <span class='ocrx_word' id='word_1_144' title='bbox 753 2239 891 2308; x_wconf 83' lang='lat' dir='ltr'>sormam</span> <span class='ocrx_word' id='word_1_145' title='bbox 908 2241 1075 2308; x_wconf 82' lang='lat' dir='ltr'>literarum</span> <span class='ocrx_word' id='word_1_146' title='bbox 1095 2237 1273 2325; x_wconf 81' lang='lat' dir='ltr'>supradicti</span> <span class='ocrx_word' id='word_1_147' title='bbox 1289 2255 1388 2302; x_wconf 84' lang='lat' dir='ltr'>rene-</span> 
     </span>
     <span class='ocr_line' id='line_1_20' title="bbox 266 2329 1389 2433; baseline -0.002 -23"><span class='ocrx_word' id='word_1_148' title='bbox 266 2344 381 2412; x_wconf 85' lang='lat' dir='ltr'>rabilis</span> <span class='ocrx_word' id='word_1_149' title='bbox 405 2345 509 2428; x_wconf 86' lang='lat' dir='ltr'>patris</span> <span class='ocrx_word' id='word_1_150' title='bbox 534 2345 639 2412; x_wconf 86' lang='lat' dir='ltr'>nostri</span> <span class='ocrx_word' id='word_1_151' title='bbox 660 2347 705 2416; x_wconf 63' lang='lat' dir='ltr'>o·</span> <span class='ocrx_word' id='word_1_152' title='bbox 730 2349 885 2433; x_wconf 77' lang='lat' dir='ltr'>Episcopi</span> <span class='ocrx_word' id='word_1_153' title='bbox 910 2329 1095 2428; x_wconf 75' lang='lat' dir='ltr'>Janriensis</span> <span class='ocrx_word' id='word_1_154' title='bbox 1116 2349 1241 2426; x_wconf 78' lang='lat' dir='ltr'>litteras</span> <span class='ocrx_word' id='word_1_155' title='bbox 1258 2351 1389 2411; x_wconf 85' lang='lat' dir='ltr'>nostras</span> 
     </span>
     <span class='ocr_line' id='line_1_21' title="bbox 267 2451 1388 2544; baseline -0.002 -26"><span class='ocrx_word' id='word_1_156' title='bbox 267 2451 375 2518; x_wconf 90' lang='lat' dir='ltr'>cidem</span> <span class='ocrx_word' id='word_1_157' title='bbox 389 2451 576 2520; x_wconf 83' lang='lat' dir='ltr'>Alexandro</span> <span class='ocrx_word' id='word_1_158' title='bbox 593 2457 832 2541; x_wconf 88' lang='lat' dir='ltr'>concessimus,</span> <span class='ocrx_word' id='word_1_159' title='bbox 858 2457 956 2541; x_wconf 86' lang='lat' dir='ltr'>sigilli</span> <span class='ocrx_word' id='word_1_160' title='bbox 983 2456 1119 2541; x_wconf 85' lang='lat' dir='ltr'>capituli</span> <span class='ocrx_word' id='word_1_161' title='bbox 1135 2455 1236 2522; x_wconf 88' lang='lat' dir='ltr'>nostri</span> <span class='ocrx_word' id='word_1_162' title='bbox 1253 2456 1388 2544; x_wconf 86' lang='lat' dir='ltr'>impres-¹</span> 
     </span>
     <span class='ocr_line' id='line_1_22' title="bbox 267 2556 1389 2637; baseline -0.004 -10"><span class='ocrx_word' id='word_1_163' title='bbox 267 2561 358 2627; x_wconf 88' lang='lat' dir='ltr'>sione</span> <span class='ocrx_word' id='word_1_164' title='bbox 375 2561 555 2628; x_wconf 86' lang='lat' dir='ltr'>roboratas.</span> <span class='ocrx_word' id='word_1_165' title='bbox 583 2561 678 2628; x_wconf 85' lang='lat' dir='ltr'>Anno</span> <span class='ocrx_word' id='word_1_166' title='bbox 695 2562 864 2628; x_wconf 89' lang='lat' dir='ltr'>Dominice</span> <span class='ocrx_word' id='word_1_167' title='bbox 880 2563 1126 2637; x_wconf 86' lang='lat' dir='ltr'>Inoarnacionis</span> <span class='ocrx_word' id='word_1_168' title='bbox 1141 2559 1313 2627; x_wconf 87' lang='lat' dir='ltr'>millesimo</span> <span class='ocrx_word' id='word_1_169' title='bbox 1329 2556 1389 2622; x_wconf 91' lang='lat' dir='ltr'>dn-</span> 
     </span>
     <span class='ocr_line' id='line_1_23' title="bbox 267 2665 1280 2756; baseline 0.002 -20"><span class='ocrx_word' id='word_1_170' title='bbox 267 2669 442 2736; x_wconf 86' lang='lat' dir='ltr'>centesimo</span> <span class='ocrx_word' id='word_1_171' title='bbox 458 2667 621 2752; x_wconf 88' lang='lat' dir='ltr'>tricesimo</span> <span class='ocrx_word' id='word_1_172' title='bbox 638 2672 788 2756; x_wconf 88' lang='lat' dir='ltr'>septimo.</span> <span class='ocrx_word' id='word_1_173' title='bbox 1278 2665 1280 2672; x_wconf 72' lang='grc'>’</span> 
     </span>
    </p>
   </div>
   <div class='ocr_carea' id='block_1_3' title="bbox 356 2843 1319 2954">
    <p class='ocr_par' dir='ltr' id='par_1_4' title="bbox 356 2843 1319 2954">
     <span class='ocr_line' id='line_1_24' title="bbox 356 2843 1319 2954; baseline -0.003 -18"><span class='ocrx_word' id='word_1_174' title='bbox 356 2880 396 2954; x_wconf 77' lang='grc' dir='ltr'>(Α</span> <span class='ocrx_word' id='word_1_175' title='bbox 408 2879 561 2953; x_wconf 70' lang='lat' dir='ltr'>menucy</span> <span class='ocrx_word' id='word_1_176' title='bbox 574 2843 673 2938; x_wconf 63' lang='lat' dir='ltr'>aaaron</span> <span class='ocrx_word' id='word_1_177' title='bbox 686 2879 886 2940; x_wconf 64' lang='lat' dir='ltr'>reverentem</span> <span class='ocrx_word' id='word_1_178' title='bbox 900 2881 995 2936; x_wconf 62' lang='lat' dir='ltr'>creec</span> <span class='ocrx_word' id='word_1_179' title='bbox 1006 2880 1113 2939; x_wconf 73' lang='lat' dir='ltr'>ereren</span> <span class='ocrx_word' id='word_1_180' title='bbox 1125 2878 1204 2938; x_wconf 73' lang='lat' dir='ltr'>uon.</span> <span class='ocrx_word' id='word_1_181' title='bbox 1217 2878 1319 2952; x_wconf 66' lang='lat' dir='ltr'>cuer.)</span> 
     </span>
    </p>
   </div>
   <div class='ocr_carea' id='block_1_4' title="bbox 750 3177 934 3192">
    <p class='ocr_par' dir='ltr' id='par_1_5' title="bbox 750 3177 934 3192">
     <span class='ocr_line' id='line_1_25' title="bbox 750 3177 934 3192; baseline 0 -4"><span class='ocrx_word' id='word_1_182' title='bbox 750 3177 934 3192; x_wconf 52' lang='lat' dir='ltr'>mat-‘u&#39;</span> 
     </span>
    </p>
   </div>
   <div class='ocr_carea' id='block_1_5' title="bbox 0 0 1630 5058">
    <p class='ocr_par' dir='ltr' id='par_1_6' title="bbox 0 0 1630 5058">
     <span class='ocr_line' id='line_1_26' title="bbox 0 0 1630 5058; baseline 0 0"><span class='ocrx_word' id='word_1_183' title='bbox 0 0 1630 5058; x_wconf 95' lang='lat' dir='ltr'> </span> 
     </span>
    </p>
   </div>
  </div>
 </body>
</html>
