3154 5030
667 277 825 379 Q

184 472 340 556 consequi
373 471 550 555 merearis,
587 478 621 540 et
645 491 705 541 nos
730 469 965 542 celsitudinem
994 469 1132 554 Regiam
1148 467 1256 554 dignis
1270 467 1306 536 in

184 577 323 646 Domino
348 579 500 646 laudibus
530 579 761 648 commendare
796 571 969 668 possimus
1000 577 1123 644 Datum
1151 573 1307 662 Lugduni

185 682 256 756 XV.
272 683 339 754 kal.
356 686 509 756 Januarii
523 687 736 757 Pontificatus
752 687 857 756 nostri
873 705 960 756 anno
975 683 1130 753 seeundo.

345 811 489 884 (Eredein's
501 829 520 868 a
532 811 749 906 ssent-marioni
759 809 912 887 ddapdtsdg
923 806 1145 880 levetttrtbsn.)

177 1531 208 1596 -1
213 1529 248 1598 V.
265 1531 358 1595 Iocaa
366 1529 459 1618 pdpa
474 1522 605 1590 tuente
626 1524 722 1590 imese
739 1521 840 1628 dille,
858 1469 971 1611 Gdngd
982 1525 1014 1590 ds
1035 1525 1156 1591 Udoori
1172 1526 1303 1592 teleiste·

640 1631 734 1698 totos.
751 1631 849 1696 1244.

289 1813 501 1882 Innocentius
527 1811 710 1896 Episcopus
735 1829 849 1876 seruus
866 1828 1032 1878 seruorum
1051 1811 1113 1878 Dei
1128 1809 1305 1879 karissimo

181 1923 217 1989 in
234 1919 365 1990 cbristo
395 1917 462 1986 titio
487 1969 494 1986 .
519 1969 527 1983 .
552 1967 560 1985 .
591 1918 715 1984 Illustri
730 1917 815 2004 Regi
829 1911 982 2003 [Ungarie
999 1920 1138 1986 satutem
1152 1919 1306 2006 etApos·

182 2031 316 2099 toiicam
355 2027 630 2097 benedictionem.
657 2025 779 2092 Dilecti
819 2024 878 2092 filii
917 2073 957 2092 ..
983 2075 991 2091 .
1030 2027 1143 2096 Abbas
1169 2035 1202 2096 ct
1224 2029 1306 2096 Gon.

181 2144 299 2205 uentus
323 2134 513 2203 Monastcrii
536 2133 649 2200 Sancti
674 2133 805 2200 Martini
822 2131 862 2200 de
878 2133 1051 2202 Pannonia
1066 2154 1127 2202 sua
1142 2135 1235 2202 uobis
1250 2155 1305 2222 pe-

183 2247 298 2312 titione
314 2249 552 2324 monstrarunt,
576 2239 664 2326 quod
688 2247 722 2308 tu
739 2239 787 2308 eis
819 2240 978 2325 quosdam
1009 2243 1119 2328 uillas,
1150 2225 1306 2312 uidelicet

183 2351 315 2436 Billam,
337 2351 456 2436 Gunyu
473 2347 656 2434 etVdorch,
679 2369 761 2432 quas
777 2347 865 2416 ctare
882 2350 1037 2416 memorie
1055 2349 1233 2440 Aindreaa)
1249 2337 1305 2441 pa·

184 2468 233 2528 ter
251 2471 325 2526 tuus
342 2459 378 2525 in
394 2457 600 2525 dedicatione
617 2457 765 2524 Reclusis
780 2453 859 2524 dicti
876 2455 1067 2525 Monasterii
1093 2459 1140 2524 ais
1158 2461 1305 2548 contulit,

184 2577 217 2635 et
232 2567 376 2633 decimas
393 2565 557 2651 adipsum
587 2567 821 2632 monasterium
851 2565 1052 2652 pertinentes
1084 2571 1198 2632 contra
1213 2565 1304 2634 iusti-

183 2675 264 2742 tiam
280 2671 446 2742 abstulisti
470 2669 600 2756 stipsis
626 2673 799 2738 restituere
815 2671 1021 2738 contradicis.
1038 2671 1118 2740 (ium
1135 2673 1233 2758 igitur
1248 2673 1304 2741 S'c·

182 2785 354 2850 uanitatem
375 2783 511 2864 Regiam
536 2779 654 2846 deceat
685 2779 856 2864 religiosos
872 2777 960 2846 viros
975 2779 1123 2866 diligere,
1141 2799 1181 2848 ac
1197 2799 1254 2848 eos
1270 2781 1307 2852 in

183 2909 243 2957 suo
261 2890 329 2956 iure
345 2888 467 2971 fovere,
495 2887 730 2954 (telsitudinem
755 2896 844 2954 tuam
861 2885 1085 2973 admonemus,
1102 2908 1256 2976 rogamus
1273 2895 1306 2958 et

181 2999 348 3066 hortamur
364 2997 489 3080 amice,
516 3003 675 3080 quatenus
691 2997 720 3064 si
737 3003 788 3062 est
802 2995 870 3080 ita,
902 2997 1070 3080 predictas
1086 2997 1184 3064 villas
1200 3007 1232 3066 ct
1249 2998 1306 3064 de-

183 3107 286 3174 cimas
302 3107 343 3172 ob
359 3101 577 3172 reverentiam
593 3104 783 3190 Apostoliee
793 3101 894 3170 'Sedis
911 3112 944 3172 et
960 3112 1116 3188 nostram,
1134 3105 1257 3174 Abbati
1273 3089 1307 3174 et

185 3214 367 3302 conventui
397 3213 554 3280 restituas
585 3213 783 3296 memoratis,
815 3212 864 3278 ita
879 3214 968 3296 ¹quod
984 3213 1101 3280 exinde
1117 3209 1224 3280 Deum
1240 3235 1308 3280 mc.

183 3321 289 3389 rearis
305 3318 429 3388 babere
457 3321 643 3408 propitium,
671 3339 795 3404 nosque
813 3317 1022 3386 devotionem
1038 3328 1128 3384 tuam
1146 3305 1306 3404 dignisni¹

181 3427 323 3496 Domino
349 3427 501 3496 laudibus
530 3429 804 3496 commendemus.
831 3425 951 3492 Datum
967 3425 1120 3510 Lugduni
1135 3411 1307 3497 Xiiissl'rc'·¹

181 3537 297 3606 landas
313 3537 463 3606 ianuarii
479 3537 691 3607 Pontificatus
708 3536 810 3604 nostri
826 3555 913 3602 anno
928 3535 1085 3602 secunde.
1153 3587 1155 3590 .

344 3731 492 3802 (medatis
505 3747 523 3787 a
535 3731 748 3790 sacntmdrtoni
759 3727 914 3808 idapdtsdg
925 3726 1146 3802 lsvttttrtbm.)

621 4065 869 4083 ---··—---—-·n
