3282 5032
845 321 867 388 5

777 409 935 422 μ

290 516 423 584 nomina
438 513 714 600 carpentariorum
729 514 772 582 de
789 513 904 580 eadem
929 515 1027 584 villa:
1056 517 1195 604 Goama,
1222 519 1317 584 Petre
1344 537 1417 585 eum

290 643 351 690 ena
361 617 577 714 'agnacione
604 625 659 706 qui
683 628 759 690 eunt
782 625 891 707 pretor
906 625 1064 708 paruulos
1080 631 1113 692 et
1129 627 1264 693 iuuenes
1281 625 1310 691 V
1324 647 1415 693 man-

258 770 262 776 -
291 731 411 817 aiones,
424 736 456 798 et
466 723 619 800 tenentur
634 729 678 795 ad
694 730 803 814 omnia
818 731 1005 816 eommunia¹
1018 733 1160 800 oeruioia
1171 733 1255 804 siout
1271 733 1416 818 superio·

290 858 356 906 ree.
371 837 442 904 Hee
457 845 566 920 autem
590 835 670 904 villa
695 835 875 926 seeundum
901 839 1098 907 communem
1114 829 1416 910 consideracionem

291 945 469 1014 vicinorum
493 945 593 1012 habet
618 951 739 1010 terram
765 943 809 1010 ed
825 943 924 1010 XXX
939 954 1053 1014 aratra
1071 967 1142 1014 eum
1157 948 1304 1033 pluribus
1322 949 1417 1014 metis
1478 1015 1480 1020 .

291 1051 513 1138 emundata,
531 1057 563 1117 et
573 1058 623 1118 est
634 1051 878 1118 conterminalia
892 1071 953 1138 per
968 1053 1136 1120 circuitum
1153 1075 1224 1122 oum
1239 1055 1302 1122 hiie
1312 1055 1415 1123 villis:

290 1161 395 1227 Nolon
411 1158 581 1241 videlieet,
608 1158 736 1246 Ganthu,
762 1159 887 1243 Nema,
913 1159 1039 1244 Barba,
1065 1159 1204 1246 Tapan,
1231 1161 1366 1245 Taryan
1382 1167 1416 1229 et
1444 1174 1447 1182 ’

292 1267 430 1334 Aesonn.
1332 1283 1335 1290 '

394 1375 434 1439 In
463 1371 577 1458 predio
598 1358 628 1440 V
636 1371 768 1459 ylooh
800 1373 860 1441 hee
886 1381 960 1442 aunt
985 1376 1118 1443 nomina
1147 1374 1413 1443 vduornieorum:

289 1481 414 1548 Joanua
424 1529 434 1564 ,
449 1481 551 1562 vehi,
568 1481 694 1557 Bonae,
712 1499 786 1546 eum
801 1479 878 1548 filiis
895 1489 927 1550 et
942 1483 1092 1567 cognatis
1109 1484 1178 1552 suis
1187 1535 1197 1570 ,
1225 1484 1281 1566 qui
1306 1491 1416 1570 preter

287 1589 421 1655 iuuenes
438 1593 470 1654 et
484 1588 642 1673 paruulos
658 1595 733 1653 eunt
749 1585 844 1654 XXV
860 1589 1066 1676 mansiones3
1085 1599 1117 1659 et
1134 1592 1189 1658 isti
1205 1598 1355 1658 tenentur
1371 1589 1415 1658 ad

287 1696 398 1763 omnia
413 1715 536 1781 genera
552 1694 763 1761 seruiaiorum
780 1697 864 1761 siout
880 1694 939 1761 alii
955 1695 1125 1764 vduornioi
1151 1699 1192 1763 de
1216 1698 1329 1783 predio
1346 1699 1415 1784 Hy·

286 1802 372 1870 mad.
405 1803 475 1870 Heo
500 1805 577 1868 aunt
601 1802 734 1870 nomina
759 1809 925 1868 aratorum
940 1801 981 1868 de
998 1803 1112 1870 eodem
1129 1804 1265 1887 predio:
1291 1805 1413 1887 Reque,

284 1911 410 1996 Mogna,
426 1911 480 1995 qni
496 1917 607 1997 preter
622 1911 779 1996 paruulos
796 1916 829 1976 et
845 1909 983 1976 iuuenes
995 1917 1072 1978 sunt
1081 1911 1127 1977 VI
1138 1913 1326 1977 mansiones
1341 1929 1413 1976 eum

285 2039 347 2085 ena
362 2007 571 2105 eognaeiona
598 2018 668 2084 Hee
693 2025 769 2085 eunt
793 2017 927 2086 nomina
946 2017 1163 2103 jobagionnm
1179 2019 1356 2086 liberorum
1371 2015 1413 2084 de

285 2124 401 2193 eodem
416 2123 551 2210 predio:
570 2123 680 2210 Vrlov,
698 2125 891 2211 Phylippus.

319 2239 322 2244 '
392 2235 431 2300 In
446 2231 739 2318 predio'l'orian
754 2231 816 2298 heo
832 2237 908 2300 eunt
923 2233 1054 2300 nomina
1066 2231 1298 2325 jobagionumlz
1312 2233 1410 2300 Num-

158 2341 162 2348 '
285 2341 366 2427 hyn,
385 2340 557 2421 Salomon,
574 2339 680 2422 Pooh,
697 2339 751 2421 qai
768 2357 840 2404 enm
856 2357 917 2405 ena
932 2339 1134 2424 eognaoione
1151 2336 1261 2425 preter
1276 2340 1412 2408 iuuenes

284 2455 317 2514 et
331 2448 488 2532 paruulos
504 2452 580 2514 eunt
595 2445 628 2511 X
643 2443 849 2530 mansionea3
867 2453 900 2512 et
915 2445 970 2512 isti
985 2451 1135 2512 tenentur
1151 2447 1194 2513 ad
1211 2447 1326 2515 eadem
1343 2465 1410 2514 eer-

284 2556 371 2623 ninia
386 2575 458 2622 oum
470 2553 707 2638 jobagionibue
724 2553 765 2619 de
779 2553 894 2639 predio
917 2553 1057 2640 Hymud.
1083 2553 1154 2620 Heo
1179 2560 1255 2620 sunt
1279 2551 1412 2621 nomina

284 2671 427 2744 satorum
443 2659 484 2726 de
501 2659 616 2727 eodem
632 2658 766 2745 predio:
794 2661 937 2744 Sumug,
962 2661 1103 2741 Tomoe,
1120 2662 1175 2745 qni
1192 2681 1263 2728 eum
1280 2679 1342 2728 ena
1358 2682 1410 2729 oo·

284 2774 444 2858 gnaoione
468 2775 578 2856 preter
602 2769 738 2836 iuuenes
763 2773 795 2835 et
820 2769 953 2855 perulas
976 2775 1053 2836 aunt
1068 2771 1130 2854 v¹11
1145 2770 1351 2854 mansionen
1377 2775 1410 2834 et

283 2879 338 2947 isti
353 2884 505 2954 tenentur
529 2875 572 2944 ad
598 2876 709 2944 omnia
725 2877 868 2946 seruicia
883 2895 955 2942 eum
971 2877 1135 2946 sutoribus
1152 2877 1192 2944 de
1209 2878 1324 2964 predio
1340 2877 1409 2962 Hy·

286 2987 369 3052 mnd.
386 2987 455 3053 Hee
471 2991 548 3052 sunt
562 2984 693 3052 nomina
708 3003 889 3070 agasonum
906 2985 1139 3072 campestrium
1154 2983 1194 3052 de
1212 2984 1327 3052 eodem
1337 3005 1409 3070 pre·

285 3093 359 3161 dio:
377 3089 526 3178 Forend,
543 3092 606 3159 Poe
615 3141 624 3175 ,
641 3091 764 3176 Cyma3
790 3099 823 3158 et
846 3089 902 3158 isti
917 3097 1068 3160 tenentur
1083 3093 1127 3159 ad
1143 3091 1251 3159 omnia
1266 3091 1408 3160 seruicia

285 3220 356 3268 oum
369 3200 447 3266 aliis
464 3199 702 3284 aernieialibna.
731 3197 801 3266 Hee
817 3205 891 3266 aunt
906 3199 1039 3266 nomina
1054 3199 1282 3267 sacriferorum
1299 3198 1342 3264 de
1356 3217 1408 3264 eo-

285 3307 359 3374 dem
375 3306 502 3392 predio:
518 3307 670 3390 Chomza,
682 3307 778 3394 Syna,
791 3306 974 3389 Gumbur03
992 3312 1025 3372 et
1040 3307 1096 3370 isti
1111 3312 1263 3372 tenentur
1279 3304 1322 3368 ad
1338 3324 1407 3370 om·

284 3415 341 3480 nia
356 3413 498 3480 earnieia
513 3415 596 3481 aient
613 3413 719 3480 etalii
736 3413 937 3478 seruicialee.
964 3411 1035 3477 Hee
1051 3418 1126 3476 aunt
1141 3409 1273 3476 nomina
1289 3408 1408 3476 banha-

284 3521 402 3588 riorum
417 3522 460 3590 de
476 3522 589 3589 eodem
605 3520 731 3608 predio:
747 3519 871 3602 (hobae,
883 3517 943 3602 Op,
955 3519 1001 3584 Vs
1017 3537 1090 3584 oum
1106 3535 1167 3585 aaa
1184 3517 1406 3604 oognaeione5

284 3635 317 3696 et
332 3629 386 3695 isti
401 3635 551 3694 tenentur
568 3626 612 3694 ad
629 3627 738 3692 omnia
754 3623 895 3691 seruicia
911 3644 985 3690 eum
1001 3623 1077 3692 aliie
1088 3624 1324 3694 seruieialibus.
1337 3626 1410 3692 Heo

283 3743 357 3802 sunt
372 3733 506 3817 nomina
520 3731 770 3800 vduornieorum
786 3732 820 3798 in
837 3731 951 3799 eodem
975 3731 1111 3817 predio:
1137 3732 1286 3818 Gurges,
1312 3733 1408 3819 Elya,

283 3843 438 3925 Jaoobua,
455 3841 563 3920 Bede;
582 3849 614 3909 et
630 3842 684 3909 isti
700 3847 853 3908 tenentur
868 3840 913 3909 ad
929 3841 1038 3910 omnia
1054 3841 1204 3926 seruicia,
1222 3840 1266 3936 ad
1281 3859 1345 3924 que
1360 3847 1408 3906 te·

282 3955 399 4016 nentur
422 3937 590 4016 vduornic'i
615 3949 656 4016 de
680 3949 794 4034 predio
810 3948 950 4034 Hymnd.
982 3949 1053 4014 Hee
1078 3948 1142 4016 due
1168 3949 1245 4014 ville
1260 3946 1409 4032 proximo

283 4055 370 4123 dicte
395 4055 572 4124 seeundum
599 4075 803 4125 communem·
826 4049 1124 4124 eonoider'aeionem
1149 4055 1328 4120 uieinorum
1350 4051 1408 4118 ha·

283 4163 363 4231 bent
379 4169 500 4230 terram
516 4162 559 4229 ad
575 4161 760 4246 quindecim
777 4171 889 4231 aratra
906 4183 977 4232 eum
993 4163 1142 4250 pluribus
1158 4163 1254 4228 metis
1275 4161 1408 4226 oiroum-

284 4270 416 4348 datam‚
441 4275 474 4337 et
499 4277 577 4336 eunt
601 4272 853 4338 conterminales
877 4289 937 4355 per
953 4270 1122 4337 eirenitum
1139 4277 1213 4334 enm
1229 4265 1295 4350 hijs
1310 4265 1408 4346 villis,

283 4375 440 4450 videlieet
455 4374 537 4443 villa
553 4375 698 4461 Gepani,
723 4382 756 4442 et
775 4376 920 4445 secunda
936 4377 1016 4446 villa
1032 4377 1184 4464 Toryan‚
1210 4391 1273 4456 que
1289 4380 1340 4438 eet
1355 4393 1409 4439 ea·

281 4482 463 4550 etrensium.

393 4597 432 4662 In
447 4591 562 4681 predio
579 4589 728 4660 Ruozd
753 4589 816 4660 heo
830 4599 906 4664 eunt
920 4590 1053 4662 nomina
1064 4589 1298 4680 jobagionum
1324 4589 1408 4660 Pau·
