<?xml version="1.0" encoding="UTF-8"?>
<!DOCTYPE html PUBLIC "-//W3C//DTD XHTML 1.0 Transitional//EN"
    "http://www.w3.org/TR/xhtml1/DTD/xhtml1-transitional.dtd">
<html xmlns="http://www.w3.org/1999/xhtml" xml:lang="en" lang="en">
 <head>
  <title>
</title>
<meta http-equiv="Content-Type" content="text/html;charset=utf-8" />
  <meta name='ocr-system' content='tesseract 3.04.00' />
  <meta name='ocr-capabilities' content='ocr_page ocr_carea ocr_par ocr_line ocrx_word'/>
</head>
<body>
  <div class='ocr_page' id='page_1' title='image "./codexdiplomatic11wenzgoog_0067.png"; bbox 0 0 3220 5058; ppageno 0'>
   <div class='ocr_carea' id='block_1_1' title="bbox 281 953 1401 1152">
    <p class='ocr_par' dir='ltr' id='par_1_1' title="bbox 281 953 1401 1152">
     <span class='ocr_line' id='line_1_1' title="bbox 281 953 1401 1044; baseline -0.002 -22"><span class='ocrx_word' id='word_1_1' title='bbox 281 956 341 1023; x_wconf 87' lang='lat' dir='ltr'><strong>IV.</strong></span> <span class='ocrx_word' id='word_1_2' title='bbox 359 957 442 1024; x_wconf 77' lang='lat' dir='ltr'><strong>Be&#39;lu</strong></span> <span class='ocrx_word' id='word_1_3' title='bbox 457 955 584 1042; x_wconf 73' lang='lat' dir='ltr'><strong>ktrutp,</strong></span> <span class='ocrx_word' id='word_1_4' title='bbox 600 955 696 1020; x_wconf 76' lang='lat' dir='ltr'><strong>Deire</strong></span> <span class='ocrx_word' id='word_1_5' title='bbox 711 954 870 1040; x_wconf 65' lang='lat' dir='ltr'><strong>obpdunuk</strong></span> <span class='ocrx_word' id='word_1_6' title='bbox 878 1003 888 1036; x_wconf 95' lang='lat'><strong>,</strong></span> <span class='ocrx_word' id='word_1_7' title='bbox 907 953 1044 1041; x_wconf 78' lang='lat' dir='ltr'><strong>otyjdto&#39;l</strong></span> <span class='ocrx_word' id='word_1_8' title='bbox 1063 955 1108 1019; x_wconf 92' lang='grc' dir='ltr'><strong>ΙΙ.</strong></span> <span class='ocrx_word' id='word_1_9' title='bbox 1125 956 1234 1022; x_wconf 82' lang='lat' dir='ltr'><strong>Endre</strong></span> <span class='ocrx_word' id='word_1_10' title='bbox 1248 955 1401 1044; x_wconf 74' lang='lat' dir='ltr'><strong>ttrutyutt</strong></span> 
     </span>
     <span class='ocr_line' id='line_1_2' title="bbox 456 1063 1222 1152; baseline -0.001 -25"><span class='ocrx_word' id='word_1_11' title='bbox 456 1073 546 1152; x_wconf 72' lang='lat' dir='ltr'><strong>opert</strong></span> <span class='ocrx_word' id='word_1_12' title='bbox 560 1064 754 1150; x_wconf 76' lang='lat' dir='ltr'><strong>adomctnydt</strong></span> <span class='ocrx_word' id='word_1_13' title='bbox 767 1063 952 1148; x_wconf 75' lang='lat' dir='ltr'><strong>moperdatti.</strong></span> <span class='ocrx_word' id='word_1_14' title='bbox 970 1063 1068 1128; x_wconf 85' lang='lat'><strong><em>1236.</em></strong></span> <span class='ocrx_word' id='word_1_15' title='bbox 1079 1065 1153 1149; x_wconf 80' lang='lat' dir='ltr'><strong>juo.</strong></span> <span class='ocrx_word' id='word_1_16' title='bbox 1171 1065 1222 1127; x_wconf 84' lang='lat'><strong>16.</strong></span> 
     </span>
    </p>
   </div>
   <div class='ocr_carea' id='block_1_2' title="bbox 270 1239 1405 2731">
    <p class='ocr_par' dir='ltr' id='par_1_2' title="bbox 270 1239 1405 2731">
     <span class='ocr_line' id='line_1_3' title="bbox 388 1239 1400 1329; baseline -0.004 -18"><span class='ocrx_word' id='word_1_17' title='bbox 388 1244 472 1311; x_wconf 83' lang='lat' dir='ltr'><strong>Bela</strong></span> <span class='ocrx_word' id='word_1_18' title='bbox 488 1241 551 1308; x_wconf 91' lang='lat' dir='ltr'><strong>Dei</strong></span> <span class='ocrx_word' id='word_1_19' title='bbox 567 1241 676 1328; x_wconf 80' lang='lat' dir='ltr'><strong>gretia</strong></span> <span class='ocrx_word' id='word_1_20' title='bbox 691 1240 763 1308; x_wconf 82' lang='lat' dir='ltr'><strong>Rex</strong></span> <span class='ocrx_word' id='word_1_21' title='bbox 773 1239 916 1325; x_wconf 81' lang='lat' dir='ltr'><strong>Vngarie</strong></span> <span class='ocrx_word' id='word_1_22' title='bbox 933 1243 1092 1310; x_wconf 87' lang='lat' dir='ltr'><strong>uniuersis</strong></span> <span class='ocrx_word' id='word_1_23' title='bbox 1108 1247 1292 1328; x_wconf 72' lang='lat' dir='ltr'><strong>presentem</strong></span> <span class='ocrx_word' id='word_1_24' title='bbox 1309 1242 1400 1329; x_wconf 78' lang='lat' dir='ltr'><strong>pagi·</strong></span> 
     </span>
     <span class='ocr_line' id='line_1_4' title="bbox 282 1348 1400 1436; baseline -0.005 -14"><span class='ocrx_word' id='word_1_25' title='bbox 282 1371 359 1422; x_wconf 86' lang='lat' dir='ltr'><strong>nam</strong></span> <span class='ocrx_word' id='word_1_26' title='bbox 374 1351 570 1436; x_wconf 74' lang='lat' dir='ltr'><strong>inspecturis</strong></span> <span class='ocrx_word' id='word_1_27' title='bbox 585 1353 726 1418; x_wconf 90' lang='lat' dir='ltr'><strong>salutem</strong></span> <span class='ocrx_word' id='word_1_28' title='bbox 740 1351 774 1416; x_wconf 93' lang='lat' dir='ltr'><strong>in</strong></span> <span class='ocrx_word' id='word_1_29' title='bbox 790 1348 939 1416; x_wconf 91' lang='lat' dir='ltr'><strong>Domino.</strong></span> <span class='ocrx_word' id='word_1_30' title='bbox 967 1349 1049 1417; x_wconf 81' lang='lat' dir='ltr'><strong>Cum</strong></span> <span class='ocrx_word' id='word_1_31' title='bbox 1073 1358 1151 1418; x_wconf 91' lang='lat' dir='ltr'><strong>ante</strong></span> <span class='ocrx_word' id='word_1_32' title='bbox 1172 1351 1284 1417; x_wconf 82' lang='lat' dir='ltr'><strong>oeulos</strong></span> <span class='ocrx_word' id='word_1_33' title='bbox 1299 1350 1400 1436; x_wconf 79' lang='lat' dir='ltr'><strong>Regie</strong></span> 
     </span>
     <span class='ocr_line' id='line_1_5' title="bbox 283 1457 1401 1528; baseline -0.004 0"><span class='ocrx_word' id='word_1_34' title='bbox 283 1460 469 1528; x_wconf 68' lang='lat' dir='ltr'><strong>Maiestatis</strong></span> <span class='ocrx_word' id='word_1_35' title='bbox 493 1459 556 1526; x_wconf 92' lang='lat' dir='ltr'><strong>sibi</strong></span> <span class='ocrx_word' id='word_1_36' title='bbox 578 1459 716 1527; x_wconf 89' lang='lat' dir='ltr'><strong>fideliter</strong></span> <span class='ocrx_word' id='word_1_37' title='bbox 741 1459 961 1526; x_wconf 88' lang='lat' dir='ltr'><strong>assistentium</strong></span> <span class='ocrx_word' id='word_1_38' title='bbox 987 1458 1104 1526; x_wconf 87' lang='lat' dir='ltr'><strong>merita</strong></span> <span class='ocrx_word' id='word_1_39' title='bbox 1119 1478 1182 1524; x_wconf 89' lang='lat' dir='ltr'><strong>non</strong></span> <span class='ocrx_word' id='word_1_40' title='bbox 1199 1457 1340 1526; x_wconf 90' lang='lat' dir='ltr'><strong>debeant</strong></span> <span class='ocrx_word' id='word_1_41' title='bbox 1354 1459 1401 1523; x_wconf 92' lang='lat' dir='ltr'><strong>in-</strong></span> 
     </span>
     <span class='ocr_line' id='line_1_6' title="bbox 282 1563 1401 1652; baseline -0.004 -18"><span class='ocrx_word' id='word_1_42' title='bbox 282 1568 494 1652; x_wconf 71' lang='lat' dir='ltr'><strong>gratitudinis</strong></span> <span class='ocrx_word' id='word_1_43' title='bbox 511 1568 647 1634; x_wconf 75' lang='lat' dir='ltr'><strong>silencio</strong></span> <span class='ocrx_word' id='word_1_44' title='bbox 662 1567 834 1652; x_wconf 86' lang='lat' dir='ltr'><strong>preteriri;</strong></span> <span class='ocrx_word' id='word_1_45' title='bbox 852 1567 897 1633; x_wconf 82' lang='lat' dir='ltr'><strong>ed</strong></span> <span class='ocrx_word' id='word_1_46' title='bbox 912 1569 1133 1634; x_wconf 89' lang='lat' dir='ltr'><strong>uniuersorum</strong></span> <span class='ocrx_word' id='word_1_47' title='bbox 1150 1572 1217 1631; x_wconf 86' lang='lat' dir='ltr'><strong>tem</strong></span> <span class='ocrx_word' id='word_1_48' title='bbox 1234 1563 1401 1632; x_wconf 83' lang='lat' dir='ltr'><strong>moderno</strong></span> 
     </span>
     <span class='ocr_line' id='line_1_7' title="bbox 281 1674 1401 1762; baseline -0.003 -20"><span class='ocrx_word' id='word_1_49' title='bbox 281 1694 350 1744; x_wconf 89' lang='lat' dir='ltr'><strong>rum</strong></span> <span class='ocrx_word' id='word_1_50' title='bbox 375 1695 472 1759; x_wconf 85' lang='lat' dir='ltr'><strong>quam</strong></span> <span class='ocrx_word' id='word_1_51' title='bbox 496 1681 699 1762; x_wconf 82' lang='lat' dir='ltr'><strong>posterorum</strong></span> <span class='ocrx_word' id='word_1_52' title='bbox 724 1675 880 1742; x_wconf 79' lang='lat' dir='ltr'><strong>noticiam</strong></span> <span class='ocrx_word' id='word_1_53' title='bbox 904 1683 1017 1742; x_wconf 87' lang='lat' dir='ltr'><strong>tenore</strong></span> <span class='ocrx_word' id='word_1_54' title='bbox 1037 1674 1238 1760; x_wconf 86' lang='lat' dir='ltr'><strong>presentium</strong></span> <span class='ocrx_word' id='word_1_55' title='bbox 1253 1675 1401 1740; x_wconf 89' lang='lat' dir='ltr'><strong>uolumus</strong></span> 
     </span>
     <span class='ocr_line' id='line_1_8' title="bbox 281 1781 1402 1873; baseline -0.004 -22"><span class='ocrx_word' id='word_1_56' title='bbox 281 1786 473 1873; x_wconf 89' lang='lat' dir='ltr'><strong>peruenire,</strong></span> <span class='ocrx_word' id='word_1_57' title='bbox 500 1785 586 1868; x_wconf 89' lang='lat' dir='ltr'><strong>qnod</strong></span> <span class='ocrx_word' id='word_1_58' title='bbox 610 1804 671 1852; x_wconf 93' lang='lat' dir='ltr'><strong>nos</strong></span> <span class='ocrx_word' id='word_1_59' title='bbox 695 1785 836 1852; x_wconf 87' lang='lat' dir='ltr'><strong>sernioia</strong></span> <span class='ocrx_word' id='word_1_60' title='bbox 861 1805 901 1854; x_wconf 85' lang='lat' dir='ltr'><strong>ao</strong></span> <span class='ocrx_word' id='word_1_61' title='bbox 925 1783 1100 1851; x_wconf 87' lang='lat' dir='ltr'><strong>fidelitates</strong></span> <span class='ocrx_word' id='word_1_62' title='bbox 1126 1781 1251 1850; x_wconf 86' lang='lat' dir='ltr'><strong>Detrioi</strong></span> <span class='ocrx_word' id='word_1_63' title='bbox 1268 1783 1402 1851; x_wconf 74' lang='lat' dir='ltr'><strong>Comitis</strong></span> 
     </span>
     <span class='ocr_line' id='line_1_9' title="bbox 282 1889 1401 1979; baseline -0.008 -16"><span class='ocrx_word' id='word_1_64' title='bbox 282 1913 366 1979; x_wconf 86' lang='lat' dir='ltr'><strong>quas</strong></span> <span class='ocrx_word' id='word_1_65' title='bbox 377 1893 472 1962; x_wconf 90' lang='lat' dir='ltr'><strong>nobis</strong></span> <span class='ocrx_word' id='word_1_66' title='bbox 484 1893 705 1964; x_wconf 87' lang='lat' dir='ltr'><strong>indesinenter</strong></span> <span class='ocrx_word' id='word_1_67' title='bbox 715 1893 870 1978; x_wconf 81' lang='lat' dir='ltr'><strong>exhibuit,</strong></span> <span class='ocrx_word' id='word_1_68' title='bbox 881 1893 1042 1960; x_wconf 84' lang='lat' dir='ltr'><strong>habentes</strong></span> <span class='ocrx_word' id='word_1_69' title='bbox 1052 1910 1112 1978; x_wconf 90' lang='lat' dir='ltr'><strong>pre</strong></span> <span class='ocrx_word' id='word_1_70' title='bbox 1121 1891 1235 1974; x_wconf 85' lang='lat' dir='ltr'><strong>oeulis,</strong></span> <span class='ocrx_word' id='word_1_71' title='bbox 1243 1889 1401 1974; x_wconf 86' lang='lat' dir='ltr'><strong>quasdam</strong></span> 
     </span>
     <span class='ocr_line' id='line_1_10' title="bbox 282 1999 1403 2084; baseline -0.002 -18"><span class='ocrx_word' id='word_1_72' title='bbox 282 2008 400 2082; x_wconf 86' lang='lat' dir='ltr'><strong>terras,</strong></span> <span class='ocrx_word' id='word_1_73' title='bbox 427 2017 563 2083; x_wconf 86' lang='lat' dir='ltr'><strong>quarum</strong></span> <span class='ocrx_word' id='word_1_74' title='bbox 586 1999 720 2066; x_wconf 86' lang='lat' dir='ltr'><strong>nomina</strong></span> <span class='ocrx_word' id='word_1_75' title='bbox 748 2007 822 2065; x_wconf 86' lang='lat' dir='ltr'><strong>sunt</strong></span> <span class='ocrx_word' id='word_1_76' title='bbox 854 1999 983 2068; x_wconf 82' lang='lat' dir='ltr'><strong>Straoin</strong></span> <span class='ocrx_word' id='word_1_77' title='bbox 999 1999 1033 2065; x_wconf 91' lang='lat' dir='ltr'><strong>in</strong></span> <span class='ocrx_word' id='word_1_78' title='bbox 1049 2000 1212 2076; x_wconf 86' lang='lat' dir='ltr'><strong>(lomitatn</strong></span> <span class='ocrx_word' id='word_1_79' title='bbox 1235 1999 1403 2084; x_wconf 76' lang='lat' dir='ltr'><strong>Nongrad</strong></span> 
     </span>
     <span class='ocr_line' id='line_1_11' title="bbox 288 2103 1405 2193; baseline -0.004 -20"><span class='ocrx_word' id='word_1_80' title='bbox 288 2105 417 2174; x_wconf 83' lang='lat' dir='ltr'><strong>(lberne</strong></span> <span class='ocrx_word' id='word_1_81' title='bbox 427 2107 461 2172; x_wconf 93' lang='lat' dir='ltr'><strong>in</strong></span> <span class='ocrx_word' id='word_1_82' title='bbox 472 2105 609 2190; x_wconf 88' lang='lat' dir='ltr'><strong>Borsod,</strong></span> <span class='ocrx_word' id='word_1_83' title='bbox 625 2123 687 2190; x_wconf 87' lang='lat' dir='ltr'><strong>que</strong></span> <span class='ocrx_word' id='word_1_84' title='bbox 704 2103 748 2172; x_wconf 88' lang='lat' dir='ltr'><strong>ad</strong></span> <span class='ocrx_word' id='word_1_85' title='bbox 763 2113 904 2174; x_wconf 80' lang='lat' dir='ltr'><strong>oestrum</strong></span> <span class='ocrx_word' id='word_1_86' title='bbox 914 2107 1003 2174; x_wconf 78' lang='lat' dir='ltr'><strong>liunt</strong></span> <span class='ocrx_word' id='word_1_87' title='bbox 1011 2107 1161 2193; x_wconf 86' lang='lat' dir='ltr'><strong>pertinet,</strong></span> <span class='ocrx_word' id='word_1_88' title='bbox 1171 2107 1246 2172; x_wconf 90' lang='lat' dir='ltr'><strong>etin</strong></span> <span class='ocrx_word' id='word_1_89' title='bbox 1256 2104 1405 2172; x_wconf 83' lang='lat' dir='ltr'><strong>Zaebara</strong></span> 
     </span>
     <span class='ocr_line' id='line_1_12' title="bbox 284 2213 1402 2299; baseline -0.001 -19"><span class='ocrx_word' id='word_1_90' title='bbox 284 2219 410 2299; x_wconf 88' lang='lat' dir='ltr'><strong>septem</strong></span> <span class='ocrx_word' id='word_1_91' title='bbox 425 2219 537 2281; x_wconf 86' lang='lat' dir='ltr'><strong>aratra</strong></span> <span class='ocrx_word' id='word_1_92' title='bbox 554 2221 650 2296; x_wconf 88' lang='lat' dir='ltr'><strong>terre,</strong></span> <span class='ocrx_word' id='word_1_93' title='bbox 662 2214 754 2280; x_wconf 88' lang='lat' dir='ltr'><strong>euius</strong></span> <span class='ocrx_word' id='word_1_94' title='bbox 766 2215 926 2283; x_wconf 83' lang='lat' dir='ltr'><strong>medietas</strong></span> <span class='ocrx_word' id='word_1_95' title='bbox 939 2215 984 2282; x_wconf 86' lang='lat' dir='ltr'><strong>ad</strong></span> <span class='ocrx_word' id='word_1_96' title='bbox 993 2215 1150 2299; x_wconf 78' lang='lat' dir='ltr'><strong>Nougrad</strong></span> <span class='ocrx_word' id='word_1_97' title='bbox 1159 2213 1318 2283; x_wconf 86' lang='lat' dir='ltr'><strong>medietas</strong></span> <span class='ocrx_word' id='word_1_98' title='bbox 1326 2231 1402 2279; x_wconf 89' lang='lat' dir='ltr'><strong>uero</strong></span> 
     </span>
     <span class='ocr_line' id='line_1_13' title="bbox 284 2318 1405 2409; baseline -0.002 -23"><span class='ocrx_word' id='word_1_99' title='bbox 284 2318 328 2386; x_wconf 87' lang='lat' dir='ltr'><strong>ad</strong></span> <span class='ocrx_word' id='word_1_100' title='bbox 344 2329 485 2389; x_wconf 77' lang='lat' dir='ltr'><strong>oestrum</strong></span> <span class='ocrx_word' id='word_1_101' title='bbox 501 2321 590 2388; x_wconf 87' lang='lat' dir='ltr'><strong>Hunt</strong></span> <span class='ocrx_word' id='word_1_102' title='bbox 605 2321 808 2409; x_wconf 83' lang='lat' dir='ltr'><strong>pertinebat,</strong></span> <span class='ocrx_word' id='word_1_103' title='bbox 835 2321 941 2390; x_wconf 90' lang='lat' dir='ltr'><strong>eidem</strong></span> <span class='ocrx_word' id='word_1_104' title='bbox 964 2323 1099 2390; x_wconf 85' lang='lat' dir='ltr'><strong>Detrioo</strong></span> <span class='ocrx_word' id='word_1_105' title='bbox 1124 2323 1243 2390; x_wconf 84' lang='lat' dir='ltr'><strong>Comiti</strong></span> <span class='ocrx_word' id='word_1_106' title='bbox 1268 2321 1353 2388; x_wconf 84' lang='lat' dir='ltr'><strong>siout</strong></span> <span class='ocrx_word' id='word_1_107' title='bbox 1371 2325 1405 2386; x_wconf 86' lang='lat' dir='ltr'><strong>et</strong></span> 
     </span>
     <span class='ocr_line' id='line_1_14' title="bbox 285 2425 1403 2518; baseline -0.001 -23"><span class='ocrx_word' id='word_1_108' title='bbox 285 2435 384 2503; x_wconf 86' lang='lat' dir='ltr'><strong>antes</strong></span> <span class='ocrx_word' id='word_1_109' title='bbox 400 2435 621 2516; x_wconf 86' lang='lat' dir='ltr'><strong>paternoster</strong></span> <span class='ocrx_word' id='word_1_110' title='bbox 637 2431 829 2509; x_wconf 88' lang='lat' dir='ltr'><strong>eontulerat,</strong></span> <span class='ocrx_word' id='word_1_111' title='bbox 840 2431 988 2498; x_wconf 84' lang='lat' dir='ltr'><strong>dedimus</strong></span> <span class='ocrx_word' id='word_1_112' title='bbox 1003 2437 1159 2518; x_wconf 88' lang='lat' dir='ltr'><strong>perpetuo</strong></span> <span class='ocrx_word' id='word_1_113' title='bbox 1175 2425 1403 2515; x_wconf 72' lang='lat' dir='ltr'><strong>possidendas,</strong></span> 
     </span>
     <span class='ocr_line' id='line_1_15' title="bbox 270 2534 1404 2624; baseline 0.003 -23"><span class='ocrx_word' id='word_1_114' title='bbox 270 2534 454 2623; x_wconf 64' lang='lat' dir='ltr'><strong>‚pristaldis</strong></span> <span class='ocrx_word' id='word_1_115' title='bbox 469 2537 566 2603; x_wconf 85' lang='lat' dir='ltr'><strong>huius</strong></span> <span class='ocrx_word' id='word_1_116' title='bbox 580 2537 628 2604; x_wconf 89' lang='lat' dir='ltr'><strong>rei</strong></span> <span class='ocrx_word' id='word_1_117' title='bbox 643 2537 807 2624; x_wconf 80' lang='lat' dir='ltr'><strong>Seraphin</strong></span> <span class='ocrx_word' id='word_1_118' title='bbox 831 2545 864 2606; x_wconf 91' lang='lat' dir='ltr'><strong>et</strong></span> <span class='ocrx_word' id='word_1_119' title='bbox 887 2540 988 2606; x_wconf 90' lang='lat' dir='ltr'><strong>Boloo</strong></span> <span class='ocrx_word' id='word_1_120' title='bbox 1004 2539 1232 2622; x_wconf 83' lang='lat' dir='ltr'><strong>existentibus,</strong></span> <span class='ocrx_word' id='word_1_121' title='bbox 1250 2557 1308 2622; x_wconf 88' lang='lat' dir='ltr'><strong>per</strong></span> <span class='ocrx_word' id='word_1_122' title='bbox 1323 2553 1404 2620; x_wconf 84' lang='lat' dir='ltr'><strong>qnos</strong></span> 
     </span>
     <span class='ocr_line' id='line_1_16' title="bbox 284 2643 1403 2731; baseline 0 -21"><span class='ocrx_word' id='word_1_123' title='bbox 284 2643 465 2731; x_wconf 87' lang='lat' dir='ltr'><strong>prediotum</strong></span> <span class='ocrx_word' id='word_1_124' title='bbox 474 2643 515 2708; x_wconf 91' lang='lat' dir='ltr'><strong>D.</strong></span> <span class='ocrx_word' id='word_1_125' title='bbox 526 2645 683 2712; x_wconf 80' lang='lat' dir='ltr'><strong>comitem</strong></span> <span class='ocrx_word' id='word_1_126' title='bbox 699 2645 732 2711; x_wconf 93' lang='lat' dir='ltr'><strong>in</strong></span> <span class='ocrx_word' id='word_1_127' title='bbox 749 2647 992 2731; x_wconf 86' lang='lat' dir='ltr'><strong>possessionem</strong></span> <span class='ocrx_word' id='word_1_128' title='bbox 1008 2646 1169 2712; x_wconf 86' lang='lat' dir='ltr'><strong>dietamm</strong></span> <span class='ocrx_word' id='word_1_129' title='bbox 1184 2651 1344 2714; x_wconf 84' lang='lat' dir='ltr'><strong>terrarum</strong></span> <span class='ocrx_word' id='word_1_130' title='bbox 1359 2643 1403 2710; x_wconf 85' lang='lat' dir='ltr'><strong>le·</strong></span> 
     </span>
    </p>
   </div>
   <div class='ocr_carea' id='block_1_3' title="bbox 179 2749 1403 2840">
    <p class='ocr_par' dir='ltr' id='par_1_3' title="bbox 179 2749 1403 2840">
     <span class='ocr_line' id='line_1_17' title="bbox 179 2749 1403 2840; baseline 0.001 -21"><span class='ocrx_word' id='word_1_131' title='bbox 179 2819 190 2840; x_wconf 73' lang='lat'>‚</span> <span class='ocrx_word' id='word_1_132' title='bbox 285 2751 389 2820; x_wconf 89' lang='lat' dir='ltr'><strong>oimus</strong></span> <span class='ocrx_word' id='word_1_133' title='bbox 415 2751 583 2820; x_wconf 89' lang='lat' dir='ltr'><strong>introdnoi.</strong></span> <span class='ocrx_word' id='word_1_134' title='bbox 608 2751 651 2819; x_wconf 82' lang='lat' dir='ltr'><strong>vt</strong></span> <span class='ocrx_word' id='word_1_135' title='bbox 674 2772 750 2838; x_wconf 81' lang='lat' dir='ltr'><strong>ergo</strong></span> <span class='ocrx_word' id='word_1_136' title='bbox 774 2753 836 2821; x_wconf 85' lang='lat' dir='ltr'><strong>hee</strong></span> <span class='ocrx_word' id='word_1_137' title='bbox 858 2753 980 2839; x_wconf 76' lang='lat' dir='ltr'><strong>pagina</strong></span> <span class='ocrx_word' id='word_1_138' title='bbox 994 2749 1120 2823; x_wconf 81' lang='lat' dir='ltr'><strong>firmum</strong></span> <span class='ocrx_word' id='word_1_139' title='bbox 1136 2753 1234 2821; x_wconf 91' lang='lat' dir='ltr'><strong>robur</strong></span> <span class='ocrx_word' id='word_1_140' title='bbox 1248 2753 1403 2838; x_wconf 81' lang='lat' dir='ltr'><strong>optineat,</strong></span> 
     </span>
    </p>
   </div>
   <div class='ocr_carea' id='block_1_4' title="bbox 285 2859 1405 3056">
    <p class='ocr_par' dir='ltr' id='par_1_4' title="bbox 285 2859 1405 3056">
     <span class='ocr_line' id='line_1_18' title="bbox 285 2859 1404 2948; baseline 0 -22"><span class='ocrx_word' id='word_1_141' title='bbox 285 2866 319 2926; x_wconf 89' lang='lat' dir='ltr'><strong>et</strong></span> <span class='ocrx_word' id='word_1_142' title='bbox 334 2859 433 2928; x_wconf 89' lang='lat' dir='ltr'><strong>nullis</strong></span> <span class='ocrx_word' id='word_1_143' title='bbox 449 2879 601 2944; x_wconf 85' lang='lat' dir='ltr'><strong>umquam</strong></span> <span class='ocrx_word' id='word_1_144' title='bbox 615 2861 817 2946; x_wconf 86' lang='lat' dir='ltr'><strong>temporibus</strong></span> <span class='ocrx_word' id='word_1_145' title='bbox 832 2861 1047 2948; x_wconf 81' lang='lat' dir='ltr'><strong>infringatur,</strong></span> <span class='ocrx_word' id='word_1_146' title='bbox 1073 2861 1213 2948; x_wconf 88' lang='lat' dir='ltr'><strong>dupliois</strong></span> <span class='ocrx_word' id='word_1_147' title='bbox 1233 2859 1334 2945; x_wconf 83' lang='lat' dir='ltr'><strong>sigilli</strong></span> <span class='ocrx_word' id='word_1_148' title='bbox 1349 2879 1404 2926; x_wconf 91' lang='lat' dir='ltr'><strong>no·</strong></span> 
     </span>
     <span class='ocr_line' id='line_1_19' title="bbox 286 2965 1405 3056; baseline -0.001 -22"><span class='ocrx_word' id='word_1_149' title='bbox 286 2965 346 3034; x_wconf 87' lang='lat' dir='ltr'><strong>stri</strong></span> <span class='ocrx_word' id='word_1_150' title='bbox 369 2968 544 3035; x_wconf 89' lang='lat' dir='ltr'><strong>munimine</strong></span> <span class='ocrx_word' id='word_1_151' title='bbox 569 2967 704 3036; x_wconf 85' lang='lat' dir='ltr'><strong>lenimus</strong></span> <span class='ocrx_word' id='word_1_152' title='bbox 729 2989 803 3036; x_wconf 90' lang='lat' dir='ltr'><strong>earn</strong></span> <span class='ocrx_word' id='word_1_153' title='bbox 829 2975 985 3056; x_wconf 88' lang='lat' dir='ltr'><strong>perpetuo</strong></span> <span class='ocrx_word' id='word_1_154' title='bbox 1001 2970 1157 3038; x_wconf 89' lang='lat' dir='ltr'><strong>roborari.</strong></span> <span class='ocrx_word' id='word_1_155' title='bbox 1188 2970 1305 3036; x_wconf 83' lang='lat' dir='ltr'><strong>Aetnm</strong></span> <span class='ocrx_word' id='word_1_156' title='bbox 1321 2985 1405 3034; x_wconf 83' lang='lat' dir='ltr'><strong>enno</strong></span> 
     </span>
    </p>
   </div>
   <div class='ocr_carea' id='block_1_5' title="bbox 287 3073 1405 3270">
    <p class='ocr_par' dir='ltr' id='par_1_5' title="bbox 287 3073 1405 3270">
     <span class='ocr_line' id='line_1_20' title="bbox 287 3073 1405 3163; baseline -0.001 -20"><span class='ocrx_word' id='word_1_157' title='bbox 287 3075 400 3161; x_wconf 77' lang='lat' dir='ltr'><strong>graeie</strong></span> <span class='ocrx_word' id='word_1_158' title='bbox 424 3073 734 3146; x_wconf 78' lang='lat' dir='ltr'><strong>ut⁰cc⁰xxx⁰v1⁰.</strong></span> <span class='ocrx_word' id='word_1_159' title='bbox 751 3076 878 3146; x_wconf 86' lang='lat' dir='ltr'><strong>deeimo</strong></span> <span class='ocrx_word' id='word_1_160' title='bbox 894 3087 988 3146; x_wconf 82' lang='lat' dir='ltr'><strong>sexto</strong></span> <span class='ocrx_word' id='word_1_161' title='bbox 1004 3078 1166 3148; x_wconf 86' lang='lat' dir='ltr'><strong>kalendas</strong></span> <span class='ocrx_word' id='word_1_162' title='bbox 1182 3077 1269 3163; x_wconf 80' lang='lat' dir='ltr'><strong>July.</strong></span> <span class='ocrx_word' id='word_1_163' title='bbox 1300 3075 1405 3160; x_wconf 75' lang='lat' dir='ltr'><strong>Regni</strong></span> 
     </span>
     <span class='ocr_line' id='line_1_21' title="bbox 287 3183 749 3270; baseline 0.004 -20"><span class='ocrx_word' id='word_1_164' title='bbox 287 3191 396 3252; x_wconf 82' lang='lat' dir='ltr'><strong>autem</strong></span> <span class='ocrx_word' id='word_1_165' title='bbox 412 3185 515 3251; x_wconf 85' lang='lat' dir='ltr'><strong>nostri</strong></span> <span class='ocrx_word' id='word_1_166' title='bbox 531 3202 617 3252; x_wconf 87' lang='lat' dir='ltr'><strong>anno</strong></span> <span class='ocrx_word' id='word_1_167' title='bbox 632 3183 749 3270; x_wconf 91' lang='lat' dir='ltr'><strong>primo.</strong></span> 
     </span>
    </p>
   </div>
   <div class='ocr_carea' id='block_1_6' title="bbox 286 3303 1407 4462">
    <p class='ocr_par' dir='ltr' id='par_1_6' title="bbox 286 3303 1405 3813">
     <span class='ocr_line' id='line_1_22' title="bbox 394 3303 1405 3382; baseline 0 -20"><span class='ocrx_word' id='word_1_168' title='bbox 394 3310 503 3380; x_wconf 72' lang='lat' dir='ltr'><strong>Jeqpset.</strong></span> <span class='ocrx_word' id='word_1_169' title='bbox 522 3305 656 3364; x_wconf 85' lang='lat' dir='ltr'><strong>Enedetie</strong></span> <span class='ocrx_word' id='word_1_170' title='bbox 676 3306 850 3382; x_wconf 76' lang='lat' dir='ltr'><strong>bdrlruirtya3</strong></span> <span class='ocrx_word' id='word_1_171' title='bbox 872 3327 907 3364; x_wconf 83' lang='lat' dir='ltr'><strong>aa</strong></span> <span class='ocrx_word' id='word_1_172' title='bbox 929 3309 987 3368; x_wconf 79' lang='lat' dir='ltr'><strong>aldi</strong></span> <span class='ocrx_word' id='word_1_173' title='bbox 1009 3307 1275 3382; x_wconf 76' lang='lat' dir='ltr'><strong>fulhtjtotthdrtya</strong></span> <span class='ocrx_word' id='word_1_174' title='bbox 1287 3303 1405 3363; x_wconf 72' lang='lat' dir='ltr'><strong>hoesde-</strong></span> 
     </span>
     <span class='ocr_line' id='line_1_23' title="bbox 286 3391 1405 3472; baseline -0.003 -18"><span class='ocrx_word' id='word_1_175' title='bbox 286 3397 383 3455; x_wconf 82' lang='lat' dir='ltr'><strong>lrsibbl</strong></span> <span class='ocrx_word' id='word_1_176' title='bbox 391 3404 486 3469; x_wconf 79' lang='lat' dir='ltr'><strong>veros,</strong></span> <span class='ocrx_word' id='word_1_177' title='bbox 499 3397 579 3455; x_wconf 76' lang='lat' dir='ltr'><strong>sehdr</strong></span> <span class='ocrx_word' id='word_1_178' title='bbox 591 3397 622 3454; x_wconf 77' lang='lat' dir='ltr'><strong>ds</strong></span> <span class='ocrx_word' id='word_1_179' title='bbox 634 3399 699 3454; x_wconf 80' lang='lat' dir='ltr'><strong>ntld</strong></span> <span class='ocrx_word' id='word_1_180' title='bbox 713 3399 825 3455; x_wconf 85' lang='lat' dir='ltr'><strong>sudrott</strong></span> <span class='ocrx_word' id='word_1_181' title='bbox 837 3399 990 3472; x_wconf 80' lang='lat' dir='ltr'><strong>selyemrbl</strong></span> <span class='ocrx_word' id='word_1_182' title='bbox 1001 3399 1091 3472; x_wconf 76' lang='lat' dir='ltr'><strong>fuggb&#39;</strong></span> <span class='ocrx_word' id='word_1_183' title='bbox 1104 3398 1199 3455; x_wconf 82' lang='lat' dir='ltr'><strong>kettbs</strong></span> <span class='ocrx_word' id='word_1_184' title='bbox 1209 3391 1405 3468; x_wconf 71' lang='lat' dir='ltr'><strong>vissspeesdte</strong></span> 
     </span>
     <span class='ocr_line' id='line_1_24' title="bbox 287 3485 1405 3562; baseline -0.003 -19"><span class='ocrx_word' id='word_1_185' title='bbox 287 3487 413 3545; x_wconf 82' lang='lat' dir='ltr'><strong>basonllt</strong></span> <span class='ocrx_word' id='word_1_186' title='bbox 425 3507 441 3545; x_wconf 96' lang='lat' dir='ltr'><strong>e</strong></span> <span class='ocrx_word' id='word_1_187' title='bbox 453 3487 606 3560; x_wconf 73' lang='lat' dir='ltr'><strong>kirtlynek</strong></span> <span class='ocrx_word' id='word_1_188' title='bbox 618 3506 691 3546; x_wconf 79' lang='lat' dir='ltr'><strong>anon</strong></span> <span class='ocrx_word' id='word_1_189' title='bbox 702 3487 980 3562; x_wconf 76' lang='lat' dir='ltr'><strong>aranypeesdtdhea,</strong></span> <span class='ocrx_word' id='word_1_190' title='bbox 998 3489 1076 3562; x_wconf 81' lang='lat' dir='ltr'><strong>mely</strong></span> <span class='ocrx_word' id='word_1_191' title='bbox 1097 3489 1173 3560; x_wconf 72' lang='grc' dir='ltr'><strong>Ρη]</strong></span> <span class='ocrx_word' id='word_1_192' title='bbox 1188 3487 1357 3560; x_wconf 74' lang='lat' dir='ltr'><strong>(syntagma</strong></span> <span class='ocrx_word' id='word_1_193' title='bbox 1368 3485 1405 3540; x_wconf 89' lang='lat' dir='ltr'><strong>de</strong></span> 
     </span>
     <span class='ocr_line' id='line_1_25' title="bbox 287 3575 1405 3652; baseline -0.004 -18"><span class='ocrx_word' id='word_1_194' title='bbox 287 3577 405 3650; x_wconf 77' lang='lat' dir='ltr'><strong>Sigillis.</strong></span> <span class='ocrx_word' id='word_1_195' title='bbox 418 3577 491 3632; x_wconf 79' lang='lat' dir='ltr'><strong>Tab.</strong></span> <span class='ocrx_word' id='word_1_196' title='bbox 503 3577 565 3632; x_wconf 88' lang='lat' dir='ltr'><strong>Vll.</strong></span> <span class='ocrx_word' id='word_1_197' title='bbox 578 3579 642 3652; x_wconf 80' lang='lat' dir='ltr'><strong>Fig.</strong></span> <span class='ocrx_word' id='word_1_198' title='bbox 655 3575 693 3650; x_wconf 83' lang='lat'><strong>2.)</strong></span> <span class='ocrx_word' id='word_1_199' title='bbox 705 3577 900 3652; x_wconf 78' lang='lat' dir='ltr'><strong>munkdjiban</strong></span> <span class='ocrx_word' id='word_1_200' title='bbox 912 3578 1042 3648; x_wconf 76' lang='lat' dir='ltr'><strong>lislam,</strong></span> <span class='ocrx_word' id='word_1_201' title='bbox 1068 3579 1196 3636; x_wconf 77' lang='lat' dir='ltr'><strong>kbrirets</strong></span> <span class='ocrx_word' id='word_1_202' title='bbox 1217 3577 1242 3632; x_wconf 87' lang='lat' dir='ltr'><strong>is</strong></span> <span class='ocrx_word' id='word_1_203' title='bbox 1265 3591 1405 3649; x_wconf 78' lang='lat' dir='ltr'><strong>ugysnua,</strong></span> 
     </span>
     <span class='ocr_line' id='line_1_26' title="bbox 288 3665 1405 3743; baseline 0.001 -22"><span class='ocrx_word' id='word_1_204' title='bbox 288 3667 434 3740; x_wconf 79' lang='lat' dir='ltr'><strong>esalrbogy</strong></span> <span class='ocrx_word' id='word_1_205' title='bbox 448 3667 656 3738; x_wconf 80' lang='lat' dir='ltr'><strong>eviasapeesdt</strong></span> <span class='ocrx_word' id='word_1_206' title='bbox 668 3669 821 3726; x_wconf 77' lang='lat' dir='ltr'><strong>valamivel</strong></span> <span class='ocrx_word' id='word_1_207' title='bbox 841 3670 976 3743; x_wconf 78' lang='lat' dir='ltr'><strong>nsgyobb</strong></span> <span class='ocrx_word' id='word_1_208' title='bbox 989 3669 1021 3726; x_wconf 77' lang='lat' dir='ltr'><strong>ds</strong></span> <span class='ocrx_word' id='word_1_209' title='bbox 1034 3667 1120 3727; x_wconf 77' lang='lat' dir='ltr'><strong>sudlei</strong></span> <span class='ocrx_word' id='word_1_210' title='bbox 1132 3687 1189 3741; x_wconf 81' lang='lat' dir='ltr'><strong>egy</strong></span> <span class='ocrx_word' id='word_1_211' title='bbox 1201 3665 1322 3725; x_wconf 81' lang='lat' dir='ltr'><strong>oldalrdl</strong></span> <span class='ocrx_word' id='word_1_212' title='bbox 1334 3665 1405 3722; x_wconf 85' lang='lat' dir='ltr'><strong>letd-</strong></span> 
     </span>
     <span class='ocr_line' id='line_1_27' title="bbox 288 3756 432 3813; baseline -0.014 0"><span class='ocrx_word' id='word_1_213' title='bbox 288 3756 432 3813; x_wconf 78' lang='lat' dir='ltr'><strong>redeatelr.</strong></span> 
     </span>
    </p>

    <p class='ocr_par' dir='ltr' id='par_1_7' title="bbox 286 3841 1407 4462">
     <span class='ocr_line' id='line_1_28' title="bbox 397 3841 1406 3919; baseline -0.004 -17"><span class='ocrx_word' id='word_1_214' title='bbox 397 3844 556 3915; x_wconf 73' lang='lat' dir='ltr'><strong>Abtreein,</strong></span> <span class='ocrx_word' id='word_1_215' title='bbox 569 3852 644 3904; x_wconf 83' lang='lat' dir='ltr'><strong>most</strong></span> <span class='ocrx_word' id='word_1_216' title='bbox 657 3845 803 3904; x_wconf 72' lang='lat' dir='ltr'><strong>Sutraoain</strong></span> <span class='ocrx_word' id='word_1_217' title='bbox 816 3847 1001 3919; x_wconf 74' lang='lat' dir='ltr'><strong>Nbgrddban,</strong></span> <span class='ocrx_word' id='word_1_218' title='bbox 1015 3847 1274 3917; x_wconf 77' lang='lat' dir='ltr'><strong>Cheme,0ser·nely</strong></span> <span class='ocrx_word' id='word_1_219' title='bbox 1283 3841 1406 3901; x_wconf 85' lang='lat' dir='ltr'><strong>Borsod·</strong></span> 
     </span>
     <span class='ocr_line' id='line_1_29' title="bbox 287 3934 1405 4010; baseline -0.003 -17"><span class='ocrx_word' id='word_1_220' title='bbox 287 3938 352 4008; x_wconf 88' lang='lat' dir='ltr'><strong>ban,</strong></span> <span class='ocrx_word' id='word_1_221' title='bbox 366 3937 494 3994; x_wconf 76' lang='lat' dir='ltr'><strong>zucharo</strong></span> <span class='ocrx_word' id='word_1_222' title='bbox 505 3941 580 3993; x_wconf 86' lang='lat' dir='ltr'><strong>most</strong></span> <span class='ocrx_word' id='word_1_223' title='bbox 591 3937 702 3995; x_wconf 80' lang='lat' dir='ltr'><strong>Zabora</strong></span> <span class='ocrx_word' id='word_1_224' title='bbox 711 3939 857 4008; x_wconf 88' lang='lat' dir='ltr'><strong>Hontban,</strong></span> <span class='ocrx_word' id='word_1_225' title='bbox 870 3939 947 4010; x_wconf 81' lang='lat' dir='ltr'><strong>moly</strong></span> <span class='ocrx_word' id='word_1_226' title='bbox 957 3939 1085 3994; x_wconf 79' lang='lat' dir='ltr'><strong>Erdthtt</strong></span> <span class='ocrx_word' id='word_1_227' title='bbox 1096 3937 1190 3994; x_wconf 76' lang='lat' dir='ltr'><strong>neven</strong></span> <span class='ocrx_word' id='word_1_228' title='bbox 1202 3939 1227 3992; x_wconf 87' lang='lat' dir='ltr'><strong>is</strong></span> <span class='ocrx_word' id='word_1_229' title='bbox 1242 3935 1337 3994; x_wconf 86' lang='lat' dir='ltr'><strong>lortiul</strong></span> <span class='ocrx_word' id='word_1_230' title='bbox 1349 3934 1405 4001; x_wconf 83' lang='lat' dir='ltr'><strong>elii,</strong></span> 
     </span>
     <span class='ocr_line' id='line_1_30' title="bbox 287 4024 1406 4102; baseline -0.007 -16"><span class='ocrx_word' id='word_1_231' title='bbox 287 4025 434 4086; x_wconf 67' lang='lat' dir='ltr'><strong>virelrhon</strong></span> <span class='ocrx_word' id='word_1_232' title='bbox 445 4025 578 4102; x_wconf 85' lang='lat' dir='ltr'><strong>lrspusolt</strong></span> <span class='ocrx_word' id='word_1_233' title='bbox 590 4027 692 4101; x_wconf 84' lang='lat' dir='ltr'><strong>helyek</strong></span> <span class='ocrx_word' id='word_1_234' title='bbox 703 4029 820 4096; x_wconf 81' lang='lat' dir='ltr'><strong>voltak3</strong></span> <span class='ocrx_word' id='word_1_235' title='bbox 833 4027 976 4100; x_wconf 83' lang='lat' dir='ltr'><strong>milyenelr</strong></span> <span class='ocrx_word' id='word_1_236' title='bbox 991 4045 1030 4082; x_wconf 83' lang='lat' dir='ltr'><strong>sn.</strong></span> <span class='ocrx_word' id='word_1_237' title='bbox 1041 4027 1140 4085; x_wconf 75' lang='lat' dir='ltr'><strong>lstvdn</strong></span> <span class='ocrx_word' id='word_1_238' title='bbox 1149 4024 1287 4097; x_wconf 79' lang='lat' dir='ltr'><strong>tbrvdnye</strong></span> <span class='ocrx_word' id='word_1_239' title='bbox 1300 4025 1406 4095; x_wconf 83' lang='lat' dir='ltr'><strong>saerint</strong></span> 
     </span>
     <span class='ocr_line' id='line_1_31' title="bbox 287 4113 1406 4194; baseline -0.004 -20"><span class='ocrx_word' id='word_1_240' title='bbox 287 4117 335 4194; x_wconf 91' lang='lat' dir='ltr'>(II.</span> <span class='ocrx_word' id='word_1_241' title='bbox 349 4119 375 4174; x_wconf 85' lang='lat' dir='ltr'><strong>t.</strong></span> <span class='ocrx_word' id='word_1_242' title='bbox 388 4115 446 4190; x_wconf 81' lang='grc'>36.)</span> <span class='ocrx_word' id='word_1_243' title='bbox 459 4133 477 4172; x_wconf 81' lang='lat' dir='ltr'><strong>a</strong></span> <span class='ocrx_word' id='word_1_244' title='bbox 489 4115 583 4174; x_wconf 76' lang='lat' dir='ltr'><strong>virttl</strong></span> <span class='ocrx_word' id='word_1_245' title='bbox 596 4134 660 4171; x_wconf 92' lang='lat' dir='ltr'><strong>nem</strong></span> <span class='ocrx_word' id='word_1_246' title='bbox 672 4118 772 4174; x_wconf 76' lang='lat' dir='ltr'><strong>vottals</strong></span> <span class='ocrx_word' id='word_1_247' title='bbox 785 4117 1027 4189; x_wconf 81' lang='lat' dir='ltr'><strong>elidegenithetdlr</strong></span> <span class='ocrx_word' id='word_1_248' title='bbox 1039 4159 1046 4187; x_wconf 92' lang='lat'><strong>,</strong></span> <span class='ocrx_word' id='word_1_249' title='bbox 1060 4119 1092 4173; x_wconf 76' lang='lat' dir='ltr'><strong>es</strong></span> <span class='ocrx_word' id='word_1_250' title='bbox 1106 4119 1144 4174; x_wconf 83' lang='lat' dir='ltr'><strong>hs</strong></span> <span class='ocrx_word' id='word_1_251' title='bbox 1157 4115 1230 4173; x_wconf 83' lang='lat' dir='ltr'><strong>sttbl</strong></span> <span class='ocrx_word' id='word_1_252' title='bbox 1244 4113 1406 4172; x_wconf 77' lang='lat' dir='ltr'><strong>solmentet</strong></span> 
     </span>
     <span class='ocr_line' id='line_1_32' title="bbox 286 4203 1406 4278; baseline -0.004 -13"><span class='ocrx_word' id='word_1_253' title='bbox 286 4209 335 4265; x_wconf 85' lang='lat' dir='ltr'><strong>tek</strong></span> <span class='ocrx_word' id='word_1_254' title='bbox 356 4207 387 4265; x_wconf 71' lang='lat' dir='ltr'><strong>ee</strong></span> <span class='ocrx_word' id='word_1_255' title='bbox 409 4205 708 4278; x_wconf 74' lang='lat' dir='ltr'><strong>elajdndekoztattak,</strong></span> <span class='ocrx_word' id='word_1_256' title='bbox 730 4205 960 4264; x_wconf 75' lang='lat' dir='ltr'><strong>ismdtavdrhoa</strong></span> <span class='ocrx_word' id='word_1_257' title='bbox 973 4207 1071 4264; x_wconf 84' lang='lat' dir='ltr'><strong>voltak</strong></span> <span class='ocrx_word' id='word_1_258' title='bbox 1093 4203 1406 4277; x_wconf 74' lang='lat' dir='ltr'><strong>tisszakapesollratbk.</strong></span> 
     </span>
     <span class='ocr_line' id='line_1_33' title="bbox 287 4293 1407 4371; baseline -0.005 -17"><span class='ocrx_word' id='word_1_259' title='bbox 287 4296 377 4354; x_wconf 69' lang='lat' dir='ltr'><strong>baert</strong></span> <span class='ocrx_word' id='word_1_260' title='bbox 398 4297 496 4355; x_wconf 85' lang='lat' dir='ltr'><strong>erb&#39;slti</strong></span> <span class='ocrx_word' id='word_1_261' title='bbox 517 4313 583 4366; x_wconf 81' lang='lat' dir='ltr'><strong>meg</strong></span> <span class='ocrx_word' id='word_1_262' title='bbox 604 4295 652 4352; x_wconf 91' lang='lat' dir='ltr'><strong>1v.</strong></span> <span class='ocrx_word' id='word_1_263' title='bbox 671 4293 745 4354; x_wconf 76' lang='lat' dir='ltr'><strong>Belo</strong></span> <span class='ocrx_word' id='word_1_264' title='bbox 756 4297 846 4355; x_wconf 85' lang='lat' dir='ltr'><strong>Detre</strong></span> <span class='ocrx_word' id='word_1_265' title='bbox 858 4298 999 4371; x_wconf 76' lang='lat' dir='ltr'><strong>ispdnnak</strong></span> <span class='ocrx_word' id='word_1_266' title='bbox 1013 4297 1049 4354; x_wconf 95' lang='lat' dir='ltr'><strong>ll.</strong></span> <span class='ocrx_word' id='word_1_267' title='bbox 1064 4297 1158 4354; x_wconf 83' lang='lat' dir='ltr'><strong>Endre</strong></span> <span class='ocrx_word' id='word_1_268' title='bbox 1171 4295 1311 4366; x_wconf 77' lang='lat' dir='ltr'><strong>kirttyltl</strong></span> <span class='ocrx_word' id='word_1_269' title='bbox 1322 4299 1407 4364; x_wconf 82' lang='lat' dir='ltr'><strong>nyert</strong></span> 
     </span>
     <span class='ocr_line' id='line_1_34' title="bbox 287 4387 676 4462; baseline 0.003 -18"><span class='ocrx_word' id='word_1_270' title='bbox 287 4387 467 4462; x_wconf 72' lang='lat' dir='ltr'><strong>adomdnydt.</strong></span> <span class='ocrx_word' id='word_1_271' title='bbox 671 4399 676 4412; x_wconf 91' lang='grc'><em>·</em></span> 
     </span>
    </p>
   </div>
   <div class='ocr_carea' id='block_1_7' title="bbox 421 4484 1270 4571">
    <p class='ocr_par' dir='ltr' id='par_1_8' title="bbox 421 4484 1270 4571">
     <span class='ocr_line' id='line_1_35' title="bbox 421 4484 1270 4571; baseline -0.005 -19"><span class='ocrx_word' id='word_1_272' title='bbox 421 4497 564 4571; x_wconf 77' lang='lat' dir='ltr'><strong>(Eaedetie</strong></span> <span class='ocrx_word' id='word_1_273' title='bbox 576 4514 594 4552; x_wconf 87' lang='lat' dir='ltr'><strong>a</strong></span> <span class='ocrx_word' id='word_1_274' title='bbox 606 4497 711 4554; x_wconf 78' lang='lat' dir='ltr'><strong>ltkkti</strong></span> <span class='ocrx_word' id='word_1_275' title='bbox 724 4497 910 4568; x_wconf 76' lang='lat' dir='ltr'><strong>levdltdrban,</strong></span> <span class='ocrx_word' id='word_1_276' title='bbox 924 4499 1005 4555; x_wconf 80' lang='lat' dir='ltr'><strong>Fuso.</strong></span> <span class='ocrx_word' id='word_1_277' title='bbox 1018 4498 1079 4553; x_wconf 86' lang='lat' dir='ltr'><strong>AL.</strong></span> <span class='ocrx_word' id='word_1_278' title='bbox 1093 4515 1119 4552; x_wconf 90' lang='lat' dir='ltr'><strong>n.</strong></span> <span class='ocrx_word' id='word_1_279' title='bbox 1134 4497 1160 4551; x_wconf 91' lang='lat'><strong>1.</strong></span> <span class='ocrx_word' id='word_1_280' title='bbox 1176 4484 1270 4568; x_wconf 64' lang='grc' dir='ltr'><strong>ἐπίῃ.)</strong></span> 
     </span>
    </p>
   </div>
   <div class='ocr_carea' id='block_1_8' title="bbox 0 0 1621 5058">
    <p class='ocr_par' dir='ltr' id='par_1_9' title="bbox 0 0 1621 5058">
     <span class='ocr_line' id='line_1_36' title="bbox 0 0 1621 5058; baseline 0 0"><span class='ocrx_word' id='word_1_281' title='bbox 0 0 1621 5058; x_wconf 95' lang='lat' dir='ltr'><strong> </strong></span> 
     </span>
    </p>
   </div>
  </div>
 </body>
</html>
