3140 5044
686 323 842 448 gns-

172 569 249 634 vna,
266 567 330 632 qne
346 553 398 617 est
412 547 456 612 ab
474 545 618 629 oriente,
633 551 755 611 terram
773 541 916 619 Eurken
933 544 1099 627 etaltera,
1125 562 1186 626 qne
1208 549 1295 611 esta

172 655 318 738 meridie,
334 661 455 722 terram
472 653 558 720 Yren
576 659 711 737 separat
727 653 770 718 ab
786 649 945 735 inuicem3
971 649 1089 714 exinde
1113 648 1294 733 gradiendo

172 765 292 835 transit
322 760 486 847 prefatam
529 760 696 843 antiquam
728 758 817 826 viam
848 766 880 823 et
911 755 1015 824 tendit
1045 763 1135 823 reoto
1165 759 1298 824 tramite

169 889 331 954 nusquam
347 869 476 953 penitus
494 865 685 935 diuertendo
702 867 746 932 ad
763 872 868 933 metas
894 865 989 932 binas
1016 870 1136 931 terram
1161 865 1294 932 Eurken

169 983 202 1043 et
219 977 330 1060 Yren,
357 976 440 1041 sient
456 973 616 1061 prefatum
634 979 704 1058 est,
736 972 961 1056 dissonantem
993 969 1111 1038 deinde
1135 970 1295 1039 inceditur

168 1101 290 1156 verens.
300 1082 414 1150 villam
430 1081 563 1169 Durng,
579 1080 635 1146 nbi
651 1079 931 1164 conterminantur
944 1079 1017 1148 *tres
1032 1087 1136 1161 mete,
1154 1098 1293 1164 quarum

166 1211 232 1256 vna
248 1177 373 1256 terram
384 1189 538 1270 Idumen,
565 1191 672 1254 altera
687 1188 800 1254 villam
817 1187 931 1271 Durng
947 1193 979 1253 et
1003 1185 1107 1252 teroia
1128 1185 1217 1255 Yren
1243 1205 1293 1256 se·

133 1381 136 1388 ‚
166 1302 333 1381 questrat}
357 1292 512 1382 deineeps
537 1293 714 1363 reflectitur
743 1293 787 1360 ad
812 1295 969 1372 minorem
986 1289 1085 1379 Peer,'
1107 1294 1165 1360 rbi
1179 1313 1290 1363 rursus

166 1412 233 1492 tres
247 1401 336 1482 mete,
350 1405 572 1488 eontinentur,
589 1424 726 1490 quarum
744 1424 809 1472 rna
824 1403 902 1473 ville
926 1404 1060 1488 Dnrng,
1074 1403 1191 1490 ,altera
1214 1401 1291 1469 ville

166 1515 268 1597 Peer',
283 1519 318 1602 et
333 1501 435 1580 tereia
445 1502 572 1578 'terram
588 1513 677 1598 Yreg
693 1513 882 1597 distinguit;
909 1508 1028 1579 deinde
1043 1511 1152 1599 pergit
1169 1529 1290 1578 ¹verens
1337 1527 1340 1534 '

11 1681 12 1688 ,
125 1607 129 1612 ’
165 1619 322 1688 maiorem
354 1619 467 1686 villam
494 1621 595 1704 Peer,
625 1619 682 1687 vbi
696 1663 700 1672 -
713 1621 867 1688 similiter
894 1613 1097 1687 eontinentur
1113 1625 1178 1685 tres
1195 1611 1289 1702 mete,

164 1745 300 1810 quarum
332 1727 397 1794 dne
428 1717 563 1794 maioris
579 1735 628 1804 ‚et
658 1729 793 1797 minoris
823 1729 902 1798 ville
928 1729 1030 1812 Peer,
1055 1729 1157 1796 'teroie
1172 1735 1289 1795 terram

167 1823 267 1902 Yrem
282 1833 423 1919 dirimit,
440 1843 474 1901 et
489 1835 609 1904 exinde
626 1856 647 1902 a
663 1839 897 1924 septemtrione
913 1835 1141 1920 deseendendo
1166 1858 1187 1904 a
1207 1829 1290 1922 eolle

166 1940 309 2026 qnadam
326 1941 371 2008 ad
388 1943 476 2008 viam
494 1943 657 2025 quandam
673 1963 733 2029 per
755 1965 854 2030 qnam
880 1945 1081 2012 eonelnditur
1104 1944 1149 2011 ad
1171 1951 1290 2036 metam

163 2045 317 2133 priorem,
334 2054 367 2114 et
382 2047 435 2114 hie
450 2050 651 2126 terminatur.
676 2054 714 2118 In
731 2055 825 2120 euius
842 2053 890 2132 rei
905 2053 1096 2138 memoriam
1121 2059 1153 2118 et
1176 2071 1289 2138 perpe-

162 2165 254 2223 tuam
280 2154 466 2224 firmitatem
491 2153 663 2242 presentes
704 2159 817 2226 literas
855 2159 1004 2228 dedimus
1029 2145 1167 2244 ‹inptieis
1192 2159 1290 2244 sigilli

163 2263 269 2342 nostri
285 2262 461 2328 munimine
477 2265 660 2348 roboratas.
687 2264 807 2336 Datum
824 2286 884 2350 per
899 2287 1015 2333 manns
1031 2265 1142 2339 dilecti
1167 2273 1200 2333 et
1214 2265 1296 2348 fine,

160 2370 201 2436 lis
218 2369 322 2436 nostri
337 2371 487 2454 magistri
514 2372 688 2457 smaragdi
713 2375 868 2442 Aliensis
894 2373 1055 2461 Prepesiti
1080 2375 1154 2440 ente
1180 2381 1289 2440 nostre

160 2475 452 2566 vioe-(innoellarii
467 2479 574 2545 Eleeti
600 2479 633 2544 in
648 2478 942 2566 Arehiepiseopnm
969 2461 1182 2548 Gotoeensem·
1204 2501 1289 2550 anno

160 2575 294 2662 Domini
333 2579 506 2650 millesimo
555 2581 781 2654 dneentesimo
830 2569 1102 2680 qninqnagesimo
1139 2590 1288 2680 septimo,

160 2679 273 2773 qninto
290 2693 455 2760 kalendas
469 2695 563 2784 Julii,
576 2695 682 2779 Regni
696 2701 807 2762 antem
824 2698 926 2764 nostri
941 2697 1096 2767 vicesimo
1111 2696 1265 2768 seeundo.

232 2873 246 2895 ”
261 2889 263 2894 ·
321 2885 468 2957 (Ered'etie
480 2904 498 2944 a
512 2886 732 2944 saentmdrtoni
744 2887 900 2964 idapsstssfiss
912 2887 1133 2961 levfflfdban‘)
