3154 5030
812 743 868 814 08.

321 926 340 994 l
346 925 382 994 V.
400 923 481 992 Bata
495 924 605 1012 ttroty
620 923 796 1010 meyer-detti
809 923 981 1006 Namnet,
997 923 1169 990 minutim·
1183 921 1351 1004 υάιοοιιαΙι,

653 1033 722 1118 ropr'
735 1029 891 1098 batdrait.
908 1031 1007 1098 1243.

378 1211 462 1278 Bela
486 1209 550 1278 Dei
574 1211 689 1296 grauia
714 1213 785 1279 Rex
810 1211 998 1296 Hungarie‚
1025 1209 1219 1292 balmerio,
1249 1203 1399 1290 croatie,

272 1321 386 1402 Rama,
404 1319 529 1398 Seruis,
545 1317 694 1405 Gallicis,
712 1319 917 1403 Lodomerie,
938 1319 1162 1404 Cumanieque
1177 1319 1250 1386 Rex
1267 1319 1397 1384 nniver-

273 1428 321 1500 sis
338 1424 458 1492 Christi
473 1425 624 1496 fidelibus
640 1437 709 1496 tam
725 1429 933 1516 presentibus
949 1447 1046 1512 quam
1073 1427 1190 1494 futuris
1207 1426 1346 1494 salutern
1361 1425 1399 1490 in

275 1554 353 1604 vero
368 1533 516 1602 salutari.
534 1535 697 1614 Quoeiens
714 1538 756 1603 ab
774 1537 987 1604 Excelleneia
1002 1535 1107 1622 Regis
1121 1535 1306 1603 Maiestatis
1323 1553 1400 1600 oon·

274 1642 407 1728 dignum
423 1643 614 1729 postulatur,
633 1641 720 1728 qnod
736 1645 849 1730 Regno
866 1651 898 1712 et
914 1645 1059 1728 Corone,
1076 1663 1136 1711 nee
1152 1663 1217 1710 non
1232 1641 1402 1709 honestati

275 1751 449 1818 conuenire
465 1749 686 1837 dignoscitur,
713 1753 817 1836 Regie
833 1752 928 1820 deaet
942 1751 1142 1820 sublimitati
1158 1752 1266 1818 auimo
1281 1767 1400 1818 conoe·

275 1860 352 1928 dere
369 1859 483 1925 libenti
507 1867 539 1926 et
564 1861 747 1946 petenoium
773 1861 948 1928 desideriis
964 1879 1137 1943 nortmanni
1154 1857 1316 1944 impertiri
1330 1855 1400 1924 suf·

274 1969 432 2052 fragium3
458 1969 600 2035 maxime
624 1969 689 2052 hijs
715 1969 831 2052 qnibns
857 1975 970 2034 extuat
994 1967 1132 2036 deroeio
1148 1973 1182 2033 et
1196 1969 1269 2032 iura
1292 1963 1401 2048 Regni

276 2077 428 2140 continno
444 2082 689 2143 conseruantur.
715 2073 799 2141 Hine
824 2083 896 2161 est,
912 2075 999 2159 quod
1015 2075 1059 2142 ad
1073 2074 1297 2141 uniuersorum
1313 2072 1399 2138 noti·

277 2183 363 2248 eiam
379 2185 585 2266 presencium
601 2187 685 2250 serie
702 2184 849 2250 volumus
865 2184 1058 2272 peruenire,
1078 2182 1165 2268 quod
1180 2197 1252 2250 enm
1268 2200 1329 2248 nos
1345 2199 1401 2246 aa·

277 2292 434 2356 cessimus
460 2291 503 2357 ad
529 2292 744 2378 maritimam,
771 2291 961 2388 ordinantes
987 2291 1034 2359 ibi
1049 2291 1141 2377 leges
1158 2298 1191 2357 et
1206 2297 1330 2356 statuta
1343 2305 1403 2354 no·

277 2407 417 2465 stratum
434 2418 531 2482 quam
547 2400 760 2486 plurimarum
777 2401 958 2486 ciuitatum,
971 2401 1114 2470 aoeessit
1128 2399 1171 2468 ad
1187 2419 1247 2465 nos
1262 2415 1401 2466 venera

277 2507 354 2574 bilis
371 2520 467 2592 pater
483 2507 622 2574 Samson
648 2507 688 2574 de
713 2509 809 2577 Nona
824 2528 891 2575 una
907 2528 978 2575 enm
995 2510 1115 2595 populo
1131 2515 1165 2574 et
1179 2506 1400 2574 uniuersitate

278 2614 425 2683 eiusdem
442 2615 584 2682 ciuitatis
601 2615 718 2683 denote
727 2664 736 2698 ,
754 2623 787 2682 et
802 2617 966 2684 humiliter
980 2617 1187 2702 postularunt
1196 2663 1205 2699 ,
1221 2623 1258 2680 ut
1273 2613 1401 2680 territo·

278 2723 370 2807 rium,
389 2723 662 2802 communitatem,
679 2722 821 2790 confines
837 2731 869 2790 et
885 2725 1066 2794 districtum
1077 2723 1185 2802 eidem
1195 2721 1321 2789 ciuitati
1331 2723 1402 2788 iure

277 2829 410 2918 proprio
425 2832 641 2916 pertinentem
658 2833 753 2899 metis
770 2831 1015 2916 designaremus
1032 2831 1169 2914 debitis,
1194 2849 1237 2898 ne
1261 2832 1296 2898 in
1322 2847 1403 2914 pro-

280 2957 375 3004 cessu
399 2957 589 3021 quoeunque
613 2940 714 3006 futuri
739 2940 894 3025 temporis
919 2961 978 3026 per
1003 2941 1131 3025 aliquos
1156 2940 1280 3006 vicinos
1297 2939 1403 3022 ipsi·

280 3049 433 3132 oocupari
450 3048 574 3132 possint
591 3048 643 3114 vel
659 3050 810 3134 usurpari
826 3057 941 3116 eontra
957 3049 1155 3116 voluntatem
1180 3053 1213 3112 et
1237 3045 1402 3114 iusticiam

281 3155 423 3221 ciuitatis
440 3163 473 3220 et
490 3156 607 3220 oinium
624 3157 867 3240 premissorum.
898 3158 967 3223 Nos
993 3157 1104 3240 itaque
1129 3191 1173 3209 -ν
1189 3190 1234 3204 -·
1248 3191 1293 3201 —
1309 3173 1403 3224 man·

279 3261 398 3332 dantes
413 3271 555 3330 nostrum
573 3263 728 3330 dilectum
745 3273 778 3330 et
793 3263 921 3344 fidelem
937 3263 1142 3332 Joaobimum
1153 3264 1278 3328 Barium
1294 3261 1403 3328 toeius

279 3372 455 3439 Solanonie
480 3392 553 3438 eum
577 3372 723 3458 pluribus
743 3371 818 3436 aliis
834 3371 955 3438 nostris
971 3371 1154 3438 Batonibus
1170 3369 1211 3434 ad
1229 3369 1404 3456 prouiden-

279 3479 352 3545 dum
369 3480 410 3544 de
426 3482 522 3545 metis
540 3488 572 3546 et
588 3477 796 3563 pertinenciis
812 3479 879 3544 iam
895 3479 981 3545 dicte
1006 3479 1165 3563 oiuitatis3
1193 3480 1248 3561 qui
1272 3478 1317 3544 ad
1340 3496 1405 3544 uos

279 3595 480 3654 reuertentes
505 3606 575 3652 enm
603 3586 790 3653 testimonio
815 3587 1026 3673 plurimorum
1043 3587 1245 3653 Prelatorum
1271 3594 1304 3652 et
1323 3587 1402 3652 alio·

278 3713 348 3759 rnm
365 3694 504 3760 uirorum
520 3693 585 3760 fide
602 3696 771 3780 dignorum
789 3696 874 3761 tales
898 3702 1004 3760 metas
1028 3703 1062 3760 et
1086 3693 1229 3761 eontines
1254 3693 1340 3760 dicte
1357 3694 1403 3758 oi·

279 3800 393 3868 uitatis
409 3803 529 3868 nostris
544 3805 678 3869 auribus
694 3809 899 3888 reserarunt5
917 3803 1090 3870 videlieet:
1108 3803 1270 3887 Imprimis
1286 3801 1403 3886 incipit
1461 3790 1465 3810 '

281 3929 303 3974 a
319 3912 426 3995 capite
443 3909 613 3994 cujusdam
630 3909 737 3978 insule
754 3919 870 3979 vocate
881 3913 970 3999 Wyr,
989 3921 1021 3977 et
1036 3911 1152 3979 deinde
1168 3930 1226 3997 per
1243 3911 1317 3976 litus
1334 3927 1403 3975 ma·

224 4100 228 4108 .
282 4018 329 4084 ris
345 4018 388 4083 ad
406 4019 559 4084 Sanctum
576 4021 740 4092 Andrean
758 4041 860 4107 prope
877 4021 997 4087 dietam
1026 4021 1200 4104 civitatem,
1226 4029 1258 4086 et
1284 4016 1403 4086 deinde
1479 4097 1482 4100 1

282 4128 314 4194 in
332 4127 504 4212 quemdam
521 4129 623 4196 locum
640 4143 828 4216 protensum
846 4131 879 4194 in
895 4151 996 4211 mare,
1013 4130 1066 4212 qni
1085 4129 1202 4196 dieitur
1216 4128 1402 4210 Drngozay,

283 4249 315 4303 et
339 4236 457 4302 deindo
483 4237 515 4301 in
542 4237 673 4322 Dylsla,
700 4246 732 4303 et
757 4237 873 4305 deinde
899 4239 942 4304 arl
967 4239 1093 4321 locum,
1121 4239 1175 4321 qai
1191 4237 1309 4304 dieitur
1325 4253 1403 4302 crux

282 4349 397 4430 priva,
413 4351 446 4409 et
462 4345 580 4412 deinde
597 4345 629 4410 ln
646 4347 822 4428 quamdam
839 4345 991 4432 paludem
1009 4366 1072 4431 qne
1088 4343 1206 4412 dieitur
1218 4343 1403 4430 Oguakorr·

281 4451 383 4534 blato,
401 4461 434 4519 et
450 4453 565 4520 deindo
584 4473 643 4538 per
658 4452 796 4519 medinm
815 4454 916 4540 ipsius
934 4455 1063 4538 paludis
1079 4453 1184 4521 tendit
1207 4453 1252 4519 ad
1278 4461 1401 4538 partem

284 4561 461 4627 australem
478 4563 644 4629 admotas
661 4561 829 4644 enjusdam
846 4563 1063 4646 possessionis
1081 4571 1199 4629 uocata
1223 4563 1402 4648 Bresyane,
