3154 5030
301 965 407 1030 Decea
417 961 585 1028 cadmeae
600 963 808 1060 olocazprtmi
815 963 941 1051 papale
956 971 990 1030 ec
1003 957 1159 1050 lupoaldo
1172 987 1188 1028 a
1202 967 1223 1028 ἂ
1233 986 1379 1050 pearson-

545 1069 645 1136 bulmc‘
660 1073 799 1157 upcactp.
808 1070 894 1136 locta·
906 1069 1017 1148 itdleta
1035 1072 1133 1138 1238.

386 1247 555 1317 Diouisins
571 1247 634 1314 Dei
648 1249 763 1332 gracia
778 1249 948 1318 Palatinus
964 1259 997 1318 et
1013 1250 1130 1318 Gomea
1146 1251 1188 1318 de
1201 1251 1347 1336 Zounuk,
1366 1257 1403 1318 et

281 1357 468 1444 Stephanus
483 1356 639 1440 magister
648 1357 841 1442 Prepositns
857 1357 1052 1425 Bacbiensis
1069 1365 1103 1424 el
1117 1357 1403 1446 auleRegieCan-

280 1465 433 1534 cellarius
459 1464 618 1532 uniuersis
643 1473 815 1558 presentes
841 1467 970 1534 litteras
997 1465 1192 1552 inspecturis
1211 1468 1349 1534 salutem
1363 1468 1401 1534 iu

280 1575 421 1640 omniurn
447 1573 640 1654 Scluatore„
657 1571 803 1640 Noscant
818 1581 989 1660 presentes
1015 1583 1048 1641 et
1071 1573 1404 1662 agnoscantposteri,

280 1679 452 1766 quodcum
469 1682 618 1748 dominus
635 1682 717 1748 Bela
734 1682 805 1749 Rex
821 1683 956 1750 illustris
972 1693 1118 1770 cansa'm,
1134 1703 1197 1768 qne
1212 1683 1404 1749 uertebatnr

279 1791 363 1857 inter
378 1791 574 1877 Episcopum
591 1789 869 1876 vesprimiensem
895 1799 929 1860 et
954 1793 1141 1879 Capitulum
1167 1791 1311 1858 eiusdem
1336 1791 1404 1858 luci

173 1960 177 1966 .
280 1919 321 1966 ex
336 1918 401 1965 nna
416 1903 530 1983 parte,
557 1893 590 1964 et'
613 1897 776 1966 Abbatem
802 1905 836 1966 et
862 1900 1066 1968 conuentum
1081 1900 1193 1968 Sancti
1208 1899 1340 1965 Martini
1358 1895 1404 1964 de

280 2006 449 2072 Pannonia
474 2026 515 2074 ex
540 2006 664 2090 altera,
690 2007 761 2073 vice
778 2028 839 2076 sua
855 2008 951 2081 uobis
969 2009 1186 2075 commisisset
1206 2005 1403 2104 audiendam

280 2120 314 2180 et
330 2113 392 2182 fine
408 2112 518 2179 debito
535 2113 792 2203 terminandam
809 2117 843 2182 in
858 2116 911 2183 die
927 2120 1100 2200 assignato
1113 2116 1196 2183 idem
1206 2113 1319 2182 Abbas
1329 2119 1413 2200 prc'

145 2253 148 2260 ·
281 2218 485 2287 curatoribus
501 2222 602 2308 partis
618 2223 759 2290 adncrse
775 2225 960 2292 astantibus
977 2221 1138 2310 opposuit,
1156 2221 1241 2306 qnod
1251 2221 1407 2288 Ecclesia

282 2348 343 2396 ena
358 2348 417 2414 per
432 2329 629 2415 Episcopum
645 2329 826 2416 predictum
844 2339 876 2400 ct
893 2331 1077 2418 Capitulum
1087 2331 1157 2398 eius
1167 2332 1201 2398 in
1210 2331 1318 2398 multis
1328 2348 1405 2417 gra·

283 2443 413 2518 noratur
430 2445 463 2504 et
477 2437 771 2525 dampnificare'tur.
789 2439 923 2508 Scilicet
939 2443 971 2507 in
987 2441 1192 2526 spoliacione
1210 2437 1407 2517 decimacio-

282 2541 358 2611 nnm
382 2547 564 2628 quindecim
581 2545 751 2632 villarum,
777 2543 1061 2632 quarnm'nomina
1077 2556 1153 2615 sunt
1168 2548 1248 2614 hec:
1276 2548 1308 2613 in
1324 2543 1408 2611 Zela

283 2651 422 2718 duarum
437 2651 590 2718 uillarum
606 2651 794 2738 Hegmogos
811 2661 844 2724 et
858 2655 1007 2740 Kopnlcb
1025 2655 1221 2722 donatarum
1236 2674 1258 2720 a
1273 2651 1407 2720 Sanctis

283 2759 428 2845 Regibus
444 2758 610 2845 Stephano
627 2767 660 2834 et
675 2761 831 2828 Ladi'zlao
841 2815 850 2849 ,
876 2765 953 2830 item
980 2765 1013 2830 in
1035 2755 1201 2830 'Comitatn
1216 2759 1409 2844 simigiensi

283 2868 380 2933 trium
395 2867 545 2934 villarum
562 2870 691 2935 nomine
708 2869 914 2962 Kolombuls,¹
936 2869 1080 2938 Ohernec
1106 2878 1138 2936 et
1163 2869 1312 2953 cognatis
1335 2867 1409 2935 suia

283 2975 543 3062 pertinencium,
559 2982 592 3041 ct
608 2976 707 3044 Greci
725 2985 758 3044 et
773 2979 975 3063 Primorlun,
996 2986 1029 3046 et
1044 2978 1134 3045 Acha
1151 2977 1194 3042 ad
1209 2977 1409 3061 Episcopum

284 3082 407 3150 dictum
422 3085 668 3170 pertinencium,
680 3105 813 3169 quornm
830 3085 980 3154 decimas
996 3087 1179 3172 Episcopus
1191 3082 1412 3166 nendicabat;

283 3193 359 3260 item
375 3191 510 3258 aliarum
527 3193 678 3258 uillarum
694 3194 776 3259 citra
793 3199 824 3258 et
841 3195 926 3284 ultra
942 3179 975 3262 et
990 3196 1083 3262 iuxta
1095 3192 1233 3260 fluuium
1249 3191 1323 3258 Fuk
1339 3190 1411 3255 exi·

283 3303 459 3388 alencium,
476 3301 612 3368 dnarnm
628 3303 757 3368 nomine
773 3303 920 3386 Knstan,
942 3285 1130 3384 etduarnm
1147 3301 1277 3367 nomine
1293 3301 1410 3384 Lusta,

284 3417 316 3478 ct
331 3409 456 3494 Helias,
472 3415 504 3476 el
519 3411 608 3478 Mors
617 3460 627 3494 ‚
644 3419 677 3476 ct
691 3410 803 3492 Acba,
821 3431 957 3494 quarum
976 3399 1123 3487 decimas
1140 3409 1316 3494 capitulum
1331 3395 1411 3474 We·

285 3505 477 3602 sprimiense
492 3519 705 3612 nendicabat
717 3519 747 3584 N
750 3539 786 3585 os
804 3518 1048 3585 antem‘auditis
1066 3502 1357 3604 pr'oposicionibus,
1375 3522 1413 3580 et

285 3623 544 3708 allegacionibns
554 3626 656 3711 partis
667 3627 848 3712 utriusque3
861 3634 895 3694 et
903 3627 1085 3722 priuilegiis
1096 3627 1315 3690 Romanorum
1325 3623 1412 3721 Eon-

285 3731 425 3816 tticum,
447 3737 479 3798 et
495 3732 609 3804 Sancti
624 3735 722 3819 Regis
740 3757 782 3803 ex
797 3716 891 3822 parte
907 3735 1046 3802 Abbatis
1063 3731 1175 3818 Sancti
1191 3731 1325 3804 Martini
1338 3731 1412 3804 ‚exi-

285 3841 362 3907 bitis
378 3847 411 3906 et
427 3839 600 3924 diligenter
616 3843 793 3928 inspectis,
810 3841 947 3912 consilio
964 3847 1101 3930 accepto
1116 3840 1307 3928 prudentum
1323 3839 1411 3908 niro·

286 3967 374 4031 rum,
399 3945 561 4016 sociorum
576 3955 609 4015 et
624 3968 829 4018 assessorum
845 3958 1045 4034 nostrornm,
1072 3955 1264 4036 magnatum
1283 3948 1414 4015 scilicet

285 4055 470 4141 Hungarie,
498 4055 757 4126 adiudicauimus
783 4067 815 4126 ct
840 4061 1012 4128 statuimus
1037 4055 1280 4145 decimaciones
1302 4053 1412 4141 predi-

286 4175 408 4234 ctarum
422 4164 572 4248 uillarum
588 4165 705 4234 cedere
721 4166 783 4232 iuri
793 4167 940 4234 Ecclesia
951 4165 1137 4250 supradicte
1148 4163 1182 4230 in
1192 4169 1386 4260 perpetuum
1401 4185 1411 4248 ;

285 4296 343 4361 pro
360 4275 542 4360 quantitate
558 4281 667 4342 autem
683 4276 900 4363 dampnorum
928 4277 1096 4343 illatorum
1114 4280 1147 4340 et
1163 4273 1321 4340 fructuum
1338 4291 1413 4358 per·
1543 4271 1544 4302 ¹

286 4393 451 4486 ceptorum
467 4383 588 4450 Abbati
604 4383 751 4469 predicto
768 4405 840 4452 cnm
857 4385 983 4460 duobus
1001 4383 1160 4450 fratribus
1177 4383 1245 4450 nnis
1261 4387 1415 4467 prestare

285 4498 546 4577 sacramentum,
563 4493 592 4558 ai
608 4491 770 4560 auderent
785 4494 965 4562 secundnm
982 4497 1107 4560 statuta
1123 4491 1173 4557 sni
1191 4487 1334 4572 ordinis,
1351 4509 1414 4574 pro

284 4607 411 4670 centum
427 4599 556 4668 scilicet
571 4608 604 4666 et
619 4600 736 4686 viginti
751 4601 884 4688 marcis‚'
902 4621 965 4686 pro
986 4599 1077 4666 cuius
1091 4598 1230 4682 pecunie
1246 4597 1416 4666 solucione
