3154 5038
728 907 804 972 191.

197 1078 230 1144 Α
256 1079 538 1166 mdkcafebdroctri
562 1081 719 1168 kdptalars
734 1083 999 1170 bizoaysdplcoclc
1007 1131 1018 1162 ‚
1043 1085 1124 1169 bopy
1140 1104 1161 1146 a
1179 1083 1278 1148 airczc‘
1292 1083 1324 1146 dc

196 1209 218 1248 a
234 1185 417 1273 bokonybdlc'
430 1187 625 1252 monasterolo
634 1210 727 1276 peres
747 1189 880 1276 ttpyb'lcct
894 1188 1078 1274 dordtsdpos
1093 1192 1169 1253 ritca
1178 1187 1322 1276 kiepyca·

639 1295 767 1361 lireock.
779 1296 882 1360 1257.
1136 1290 1140 1295 ’

310 1469 498 1556 capitulum
513 1472 663 1540 Ecclesie
685 1473 839 1540 Albensis
855 1474 1005 1541 omnibns
1026 1472 1148 1553 Christi
1171 1471 1322 1541 fidelibus

194 1583 374 1659 presentes
390 1578 506 1644 literas
522 1578 715 1664 inspecturis
731 1580 868 1646 salutem
881 1579 1064 1645 iuDomino
1080 1582 1322 1664 sempiternom.

191 1679 253 1746 Ad
267 1683 490 1749 vniuersorum
506 1683 663 1751 noticiam
679 1690 793 1750 tenore
809 1685 1013 1769 presencium
1037 1685 1186 1751 volumus
1209 1703 1322 1768 perue-

194 1785 289 1870 nire,
307 1789 394 1872 quod
410 1809 482 1856 cum
498 1790 539 1856 lis
565 1798 598 1856 et
608 1790 776 1856 contencio
793 1791 877 1870 inter
892 1788 1127 1856 Monastcrium
1143 1790 1323 1858 BeatebIa·

198 1893 248 1962 rie
263 1895 408 1980 Virginis
425 1895 466 1963 de
482 1897 608 1981 Scyrch
624 1892 746 1982 (Zircz)
763 1903 796 1964 et
812 1897 1046 1962 Mouasterium
1062 1895 1157 1962 Beati
1175 1896 1323 1963 Maurieii

199 2002 243 2068 de
260 2003 339 2068 Beel
355 2011 453 2087 super
469 2003 585 2088 viginti
601 2023 660 2070 sex
677 2004 845 2088 iugeribus
860 2013 1018 2069 terrarum
1035 2001 1077 2069 de
1092 2003 1281 2090 'Keykuffes
1301 2023 1322 2070 s

199 2121 295 2195 parte
311 2109 395 2174 silue
415 2109 565 2176 Ecclesie
594 2112 635 2178 de
660 2109 785 2196 Scyrch
810 2109 982 2177 existentis
1006 2108 1124 2176 fuisset
1150 2093 1266 2177 exorta
1289 2118 1325 2176 ct

200 2214 328 2283 diucius
344 2215 497 2282 hincinde
513 2215 691 2302 altercets3
709 2219 840 2286 tandem
857 2217 1078 2284 mediantibus
1102 2216 1182 2284 viris
1207 2214 1321 2302 probis

201 2329 235 2390 et
249 2320 375 2388 idoneis
392 2325 425 2389 in
441 2324 543 2390 talem
560 2327 811 2409 composicionis
826 2325 964 2392 formam
983 2324 1195 2408 denenerunt,
1222 2327 1320 2409 prout

199 2449 258 2516 per
274 2429 428 2498 dilectum
460 2433 585 2499 socium
616 2441 649 2500 et
679 2434 936 2501 concanonicum
961 2439 1107 2500 nostrum
1131 2431 1323 2515 magistrum

200 2537 396 2605 Michaelem
412 2537 457 2605 ad
472 2540 535 2605 hoc
550 2541 736 2624 specialiter
752 2539 963 2608 demandato
988 2541 1092 2623 Regio
1117 2537 1321 2623 percepimus

201 2645 417 2713 destinatum:
451 2645 547 2724 Quod
578 2631 713 2714 terciam
729 2657 855 2732 partem
881 2655 969 2712 terre
992 2628 1184 2738 supradicte
1208 2643 1323 2709 Abbas

200 2753 350 2820 Ecclesia
367 2753 409 2818 de
426 2752 552 2837 Soyrch
567 2760 700 2839 propter
714 2751 835 2817 bonum
853 2753 945 2838 pacis
962 2751 1152 2833 reliquisset
1172 2739 1322 2816 Ecclesia

202 2859 244 2924 de
259 2859 341 2926 Beel
356 2857 495 2942 pacifice
512 2864 544 2923 et
560 2859 669 2939 quiete
694 2857 947 2942 possidendam
964 2877 1023 2941 pro
1048 2854 1189 2922 residuis
1213 2860 1323 2920 sutem

197 2965 326 3030 duabus
339 2965 487 3049 partibus
498 2963 644 3030 eiusdem
660 2970 748 3030 terre
765 2965 878 3033 Abbss
903 2961 1090 3048 sepedictus
1108 2959 1258 3027 Ecclesie
1276 2959 1319 3025 de

201 3071 382 3140 Beeliuxta
409 3071 653 3138 estimacionem
678 3071 819 3138 virorum
843 3071 1010 3154 noblium‚
1028 3085 1181 3136 maroam
1196 3072 1230 3133 et
1246 3072 1320 3133 octo

201 3176 351 3262 pondera
380 3177 528 3245 Ecclesia
553 3179 595 3245 de
618 3177 741 3265 Scyrch
757 3179 918 3263 persoluit
947 3195 1055 3244 coram
1079 3173 1192 3256 nobis3
1223 3173 1272 3238 ita
1288 3177 1323 3236 vt

201 3283 293 3367 ipsas
320 3281 402 3349 duas
433 3289 544 3368 partes
571 3285 676 3351 eciam
699 3284 814 3352 eidem·
829 3283 980 3351 Ecclesie
1007 3281 1049 3358 de
1073 3280 1153 3346 Beel
1178 3277 1324 3361 permisit

202 3389 270 3455 iure
285 3397 443 3474 perpetuo
469 3391 697 3474 possidendas.
722 3389 760 3457 In
778 3393 867 3458 cuius
884 3391 931 3454 rei
947 3385 1138 3455 memoriam
1154 3388 1187 3450 et
1204 3401 1324 3468 perpe·

201 3502 291 3562 tuem
301 3495 485 3563 firmitatem
495 3497 538 3562 ed
548 3498 742 3583 peticionem
758 3497 928 3584 utriusque
943 3494 1046 3580 partis
1065 3494 1233 3577 presentes
1250 3507 1323 3552 con-

201 3601 360 3668 cessimus
384 3602 512 3668 litterss
539 3603 641 3688 sigilli
666 3603 767 3669 nostri
795 3603 970 3669 munimine
990 3602 1171 3667 roboratas.
1202 3595 1324 3662 Datum

202 3726 287 3774 anuo
298 3707 429 3774 Domini
447 3709 507 3774 lll0.
524 3707 604 3776 00⁰.
616 3707 660 3772 L⁰
682 3711 831 3794 septimo,
853 3707 963 3792 quinto
980 3709 1093 3774 Nonas
1110 3701 1198 3788 lulij.
1221 3697 1326 3783 Megi-

201 3821 269 3890 stro
286 3815 469 3900 Smaragdo
495 3813 645 3883 Ecclesie
670 3823 780 3882 nostre
805 3815 975 3899 Proposito
996 3813 1072 3880 aule
1097 3810 1200 3893 Regie
1231 3805 1324 3873 Vice-

202 3918 417 4005 Oancellario,
444 3919 598 4005 Gregoris
615 3921 767 4005 cantore,
794 3919 1121 4004 Matthiadustode,
1153 3909 1326 3981 Ambrosio
1444 3897 1454 3918 “

201 4025 336 4095 Decano
354 4029 582 4096 existentibus.

355 4220 500 4294 (Eredetie
518 4239 536 4280 s
554 4220 767 4282 ssent-mtrtoni
786 4219 937 4296 idapdtsdg
950 4215 1171 4282 lcvclttrsbanl

642 4508 900 4524 ῌ-ψ-
