3154 5038
827 993 903 1060 189.-

309 1185 369 1252 IV
388 1185 469 1254 Beda
483 1187 591 1276 kirtly
606 1211 627 1252 o
643 1185 820 1254 dirtokcaok
836 1188 1007 1253 ladrelmdrc
1027 1189 1133 1254 Yuren
1147 1197 1228 1255 nevit
1242 1189 1376 1288 helyseo
1392 1188 1445 1252 ho

613 1296 791 1382 tdrjdrdedt
808 1295 1128 1384 erdatimep.1257.

413 1486 497 1560 Bela
522 1489 584 1558 Dei
608 1471 724 1576 gracia
752 1490 930 1579 Hungarie,
946 1488 1298 1577 Dalmacic,0roacie‚
1324 1493 1443 1576 Rama,

308 1597 431 1681 Seruie,
449 1597 601 1684 Gallicie,
616 1597 818 1684 Lodomerie,
835 1599 1057 1684 Cumuuiequc
1073 1597 1145 1664 Rex
1171 1601 1346 1687 omnibus,
1376 1601 1444 1684 qui·

301 1707 370 1774 'bus
386 1713 555 1792 presentes
571 1705 783 1775 ostendentur
798 1715 866 1774 tam
881 1709 1091 1792 presentibus
1118 1714 1217 1794 quam
1240 1709 1364 1776 futuris
1392 1698 1443 1775 sa-

309 1817 411 1882 lutem
436 1815 469 1881 in
501 1817 641 1883 omnium
668 1815 854 1884 Saluatore.
885 1817 986 1885 Iustis
1017 1817 1234 1905 penitenciam
1265 1815 1442 1886 desideriis

205 1979 210 1986 .
311 1921 470 2008 Principis
502 1919 644 2004 animum
660 1923 813 1992 inclinari
829 1923 908 1991 ordo
925 1924 1004 1992 iuris
1030 1933 1064 1992 et
1080 1927 1174 2009 rigor
1190 1925 1293 2014 exigit
1311 1925 1442 2009 equita·

311 2033 372 2115 tis3
389 2031 564 2098 dummodo
580 2030 667 2113 quod
682 2033 804 2117 petitur
819 2031 946 2100 iusticie
964 2051 1028 2099 non
1044 2035 1155 2102 obuict
1175 2056 1238 2102 nec
1253 2035 1316 2100 iuri
1333 2036 1441 2120 prein-

311 2139 398 2214 dicet
414 2134 532 2208 alieno.
550 2140 690 2206 Proinde
707 2142 751 2208 ad
767 2141 993 2209 vniuersorum
1021 2144 1175 2209 noticiam
1201 2143 1353 2210 volumus
1369 2161 1440 2227 per

228 2239 232 2248 ’
311 2247 436 2330 uenire,
453 2245 539 2350 qnod
553 2245 660 2315 fidelis
676 2255 788 2314 noster
812 2251 908 2336 llyca
932 2249 1082 2317 Arardus
1106 2253 1151 2317 ad
1174 2249 1319 2344 nostram
1347 2269 1440 2316 acce

312 2343 419 2422 dendo
434 2342 650 2438 presenciam
656 2355 848 2440 supplicans
863 2359 1063 2444 postulauit,
1088 2365 1123 2424 vt
1145 2357 1188 2423 ad
1204 2339 1325 2423 terram
1345 2376 1440 2422 suam

313 2467 346 2528 et
361 2467 570 2542 cognatorum
587 2471 716 2527 suorum
732 2465 863 2539 nomine
878 2463 1008 2550 Yuren,
1034 2467 1071 2532 in
1078 2485 1142 2570 qua
1158 2487 1179 2532 a
1195 2471 1342 2550 tempore
1359 2465 1439 2530 'Par

312 2557 456 2636 tarorum
472 2568 630 2652 propter'
622 2569 768 2654 mopiam
785 2577 816 2635 et
833 2579 1066 2658 paupertatem,
1084 2593 1145 2655 que
1160 2573 1250 2656 ipsos
1266 2587 1439 2655 oppresse·

314 2683 387 2760 rat,
411 2673 629 2741 residcnciam
655 2674 768 2744 iacere
786 2699 850 2745 nou
875 2668 1067 2767 potuerant,
1098 2680 1262 2747 hominem
1292 2689 1440 2746 nostrum

314 2783 514 2852 mitteremus
530 2771 740 2870 fidedignum‚
758 2787 970 2870 quieandem
987 2789 1138 2856 circuiret
1162 2789 1222 2854 sub
1249 2785 1437 2853 testimonio

313 2891 475 2978 Prepositi
491 2897 524 2990 et
540 2892 683 2977 Capituli
698 2893 882 2962 Jauriensis
891 2946 900 2980 ‚
918 2903 951 2962 et
967 2897 1114 2964 eiusdem
1130 2901 1235 2961 metas
1256 2895 1289 2960 in
1316 2885 1437 2960 litteris

314 2999 391 3066 dicti
409 2999 554 3083 Capituli
570 2999 665 3066 nobis
681 3007 863 3087 reportaret
873 3055 882 3088 ,
909 3007 937 3073 si
954 3005 1063 3073 nullus
1088 3002 1181 3070 deret
1205 3001 1437 3069 contradictor.

311 3107 382 3174 Nos
398 3107 615 3206 igitur-ipsius
631 3109 785 3192 precibus
800 3111 948 3179 inclinati
965 3113 1128 3180 hominem
1144 3118 1288 3178 nostrum
1304 3107 1436 3175 fidelem

313 3213 489 3283 Iurkonem
505 3213 605 3282 lilium
621 3216 754 3303 Georgii
770 3219 812 3286 dc
828 3223 909 3302 uilla
925 3220 1033 3306 Eyrus
1049 3221 1093 3288 ad
1109 3219 1216 3308 ipsam
1232 3225 1352 3286 terram
1366 3231 1439 3299 cum

313 3313 498 3390 testimonio
514 3323 674 3411 Propositi
691 3331 723 3391 et
739 3325 885 3412 Capituli
911 3329 1070 3396 antedicti
1099 3327 1250 3394 duximus
1274 3323 1438 3390 transmit-

313 3431 466 3519 tendum,
483 3425 548 3518 qui.
563 3425 651 3498 'sicut
665 3433 802 3517 posthcc
827 3434 862 3500 in
888 3435 1006 3501 litteris
1032 3434 1110 3501 dicti
1135 3433 1275 3526 Capituli
1299 3430 1439 3498 vidimus

314 3541 492 3626 contineri,
510 3547 582 3606 cum
598 3541 786 3620 testimonio
803 3543 904 3629 ipsius
922 3541 1065 3630 Capituli
1080 3545 1123 3611 ad
1139 3543 1245 3627 ipsam
1254 3547 1373 3608 terram
1383 3559 1437 3605 ac·

315 3651 436 3719 cedens
453 3649 642 3717 conuocatis
658 3649 808 3718 omnibus
826 3651 1059 3719 commetancis
1075 3659 1108 3716 et
1132 3649 1340 3738 presentibus
1357 3667 1436 3713 cau-

314 3760 390 3828 dcm
407 3759 589 3843 circuisset,
621 3777 683 3825 neo
714 3759 800 3826 ullus
834 3757 876 3826 dc
908 3757 1005 3826 dictis
1027 3756 1259 3834 commetaneis
1275 3755 1438 3824 extitisset

315 3865 551 3950 contradictor;
570 3866 926 3950 quameciam'terram
942 3866 1093 3934 sufficere
1118 3864 1161 3932 ad
1186 3885 1244 3931 sex
1268 3871 1380 3930 aratra
1396 3865 1438 3930 si·

314 3975 381 4042 mul
397 3993 469 4040 cum
485 3977 574 4040 terra
589 3973 685 4039 unius
701 3973 805 4040 aratri
820 3975 970 4041 Ecclesia
985 3973 1098 4042 Sancti
1123 3971 1293 4056 Gregorii,
1319 3989 1380 4054 quc
1405 3971 1437 4036 iu

316 4080 432 4150 eadem
450 4077 675 4172 concluditur,
692 4078 792 4166 ijdeln
809 4081 999 4166 Propositus
1016 4089 1049 4149 et
1065 4075 1251 4166 (lapitulum
1267 4079 1438 4164 rescripse-

221 4189 224 4196 ’
317 4197 401 4258 runt.
419 4187 518 4256 Ouius
536 4185 779 4274 quidcmmete,
794 4197 893 4276 prout
908 4189 942 4256 in
959 4187 1082 4258 eisdem
1099 4187 1260 4272 Prepositi
1287 4193 1321 4253 et
1343 4185 1439 4270 (lapi-

318 4299 379 4365 tuli
395 4297 514 4366 litteris
530 4294 671 4364 vidimus
687 4298 849 4365 contineri
864 4297 926 4364 hoc
943 4295 1057 4366 ordine
1081 4297 1333 4381 distinguuntur.
1358 4291 1439 4359 Inci-

315 4410 363 4493 pit
378 4405 466 4474 cnim
490 4419 511 4470 a
535 4411 629 4494 parte
654 4407 917 4492 septemtrionali
942 4425 1057 4474 versus
1083 4403 1197 4472 villum
1216 4401 1350 4468 Eurken
1365 4419 1439 4486 pro·

312 4514 464 4603 grediens
482 4513 524 4580 ad
540 4515 673 4600 plagam
690 4513 965 4600 meridionalem,
981 4515 1037 4582 rbi
1062 4519 1139 4579 sunt
1163 4513 1223 4605 due
1249 4518 1334 4604 mete
1350 4509 1438 4574 iuxta

309 4624 397 4694 riam
423 4623 616 4712 antiquam,
648 4643 712 4708 que
747 4625 919 4711 vulgariter
950 4621 1098 4692 Sohtuch
1129 4627 1275 4707 vocatur,
1306 4635 1439 4706 quarum
