3154 5030
735 179 779 248 95

197 379 414 464 plementum,
441 373 483 444 ad
498 376 656 442 maiorem
670 383 781 441 tamen
799 375 963 441 cautelam
978 377 1124 460 parcium
1139 395 1316 462 prccauen·

194 493 265 570 tes,
291 491 443 568 utrasque
467 486 578 570 partes
594 484 765 568 presencie
782 481 904 550 domini
919 483 1020 568 Regis
1036 485 1171 553 fecimus
1186 487 1316 569 remitti,

195 613 329 662 oausam
354 594 460 681 ipsam
484 592 569 658 sicut
584 590 679 660 nobis
695 592 817 658 iussum
833 590 941 657 fuerat
955 591 1135 660 serietenus
1152 593 1316 680 explican-

194 708 265 784 tes,
292 707 325 768 et
346 702 564 788 instrumenta
590 707 623 768 et
645 700 797 768 raciones
814 697 959 767 eiusdem
976 699 1118 768 Abbatis
1135 708 1167 766 et
1183 701 1317 768 fratrum

195 815 405 894 exponentes.
423 809 581 890 Dominus
593 816 702 875 cutem
714 809 784 875 Rex
800 827 876 877 cum
891 808 959 874 suis
973 805 1224 894 jobagionibus'5
1241 809 1319 876 Jnla

197 916 324 983 comite
339 914 456 986 Judice
473 915 571 983 Ourie
588 935 656 999 sue,
674 923 706 982 et
716 917 873 1002 Magistro
886 915 1053 1001 Stephano
1071 917 1241 1002 Proposito
1253 917 1317 1001 Ty-

195 1015 318 1092 tiliensi
343 1032 375 1092 et
400 1025 484 1091 Aule
499 1024 603 1110 Regis
621 1023 846 1108 cancellario,
873 1022 1051 1091 Benedieto
1067 1025 1238 1112 Proposito
1254 1025 1317 1092 Bu·

158 1143 163 1150 '
196 1132 290 1200 densi
306 1139 340 1198 et
355 1131 648 1214 vicecancellarin
662 1132 795 1199 Matheo
813 1131 971 1216 Magistro
987 1131 1228 1218 Dapiierornm,
1241 1133 1319 1199 Dio-

196 1241 282 1308 nisio
296 1237 452 1326 Magistro
469 1241 678 1326 Agssonnm‚
702 1241 807 1308 Sonus
825 1240 949 1308 Gemite
967 1247 999 1308 et
1014 1239 1090 1306 aliis
1106 1241 1317 1327 quampluri-

197 1348 259 1414 bus
274 1347 379 1433 Regni
394 1347 576 1414 Beronibus
594 1347 818 1434 presentibus,
843 1349 938 1416 nobis
954 1349 1035 1416 inito
1051 1351 1189 1417 consilio
1206 1347 1319 1415 taliter

199 1453 359 1522 diffiniuit
390 1453 486 1534 Quod
502 1457 671 1539 possessio
689 1457 768 1523 Sala
785 1463 817 1522 et
831 1463 919 1522 terra
936 1456 1103 1540 predicta,
1119 1477 1178 1544 pro
1195 1457 1319 1540 qualis

203 1563 288 1628 inter
305 1569 418 1644 partes
433 1561 644 1644 nectebatur,
662 1563 697 1628 in
707 1563 757 1628 ins
769 1561 898 1630 cederet
910 1566 1055 1631 totaliter
1070 1571 1102 1631 et
1117 1571 1322 1650 permaneret

199 1669 350 1735 Ecclesie
367 1669 573 1753 supradicte,
600 1670 661 1736 sub
688 1668 811 1736 eisdem
827 1675 948 1736 etcum
964 1671 1087 1738 eisdem
1104 1671 1217 1754 metis,
1238 1673 1321 1739 sicut

200 1777 305 1845 eciam
322 1777 439 1848 Petrus
456 1777 572 1842 (lomes
588 1775 629 1843 de
646 1778 833 1862 Zulgagcur
850 1787 883 1846 et
898 1779 1056 1862 Magister
1071 1781 1187 1846 Petrus
1203 1779 1320 1863 Hospi-

201 1885 320 1952 talium
333 1885 446 1952 Sancti
461 1877 794 1970 RegisdeStrigonio
811 1885 845 1950 in
860 1885 976 1952 litteris
991 1884 1068 1970 suis,
1078 1905 1162 1969 quos
1172 1885 1322 1953 dominus

200 1993 271 2058 Rex
296 1993 339 2060 ad
364 1989 585 2084 inspiciendas
609 1999 715 2058 metas
731 1991 878 2077 predicte
894 1993 1116 2077 possessionis
1131 1991 1319 2060 transmise-

200 2107 271 2186 rat,
296 2098 461 2168 dominnm
478 2101 603 2186 Regem
618 2107 651 2166 et
666 2119 726 2167 nos
743 2097 981 2184 certificarent,
1008 2101 1091 2167 sieut
1116 2099 1221 2166 eciem
1239 2098 1317 2166 ordo
1424 2153 1426 2156 .
1508 2109 1514 2130 ¹

200 2217 357 2277 meterem
373 2215 459 2276 terre
475 2209 621 2276 eiusdem
637 2209 767 2294 plenius
785 2210 818 2274 in
834 2209 1057 2276 instrumentis
1073 2205 1226 2294 predictis
1244 2227 1318 2274 con·

198 2319 329 2384 tinctor.
340 2317 461 2384 Vemm
477 2317 554 2400 qnia
570 2317 602 2382 in
619 2317 859 2402 composicione
872 2319 1090 2403 predictorum
1106 2322 1253 2382 cesserat
1268 2337 1319 2384 ar-

198 2426 364 2508 bitrorum,
382 2426 469 2507 quod
485 2425 514 2490 si
530 2443 593 2507 que
608 2425 757 2514 parcium
772 2426 858 2493 lacte
874 2426 960 2492 inter
975 2446 1032 2494 eos
1047 2423 1224 2494 contrairet
1234 2445 1320 2494 com·

198 2531 369 2622 posicioui,
385 2536 470 2616 pen'e
487 2531 669 2598 subiaceret
686 2533 858 2616 sexaginta
874 2553 1076 2619 marcarum,
1101 2540 1134 2600 et
1149 2533 1227 2618 quia
1241 2533 1320 2600 dicti

90 2701 101 2718 ,
194 2641 403 2729 jobagiones·
411 2640 551 2726 sopitam
566 2659 699 2706 eausam
716 2642 896 2708 remouisse
911 2643 1135 2727 sustinuenti,
1152 2643 1320 2708 intellexe-

197 2768 310 2818 ramus
326 2767 384 2816 eos
400 2754 556 2830 tanquam
573 2747 849 2832 calumpniatores
864 2751 1074 2817 remansisse.
1107 2749 1174 2817 Sed
1200 2748 1242 2814 ad
1266 2768 1321 2833 pe·

197 2857 354 2927 ticionem
370 2855 493 2924 domini
509 2856 608 2938 Regis
624 2862 658 2920 et
673 2862 837 2940 nostram,
864 2863 897 2922 et
913 2855 1053 2924 aliorum
1069 2877 1166 2940 qnam
1182 2857 1322 2940 plurium

199 2965 308 3032 dictus
324 2964 439 3030 Abbas
456 2970 490 3030 et
505 2963 626 3030 fratres
644 2970 676 3028 et
692 2961 836 3030 debitum
853 2966 901 3030 eis
920 2967 1128 3050 remiserunt,
1154 2973 1188 3030 ct
1212 2984 1321 3058 perso·

197 3093 315 3152 narum
331 3073 646 3156 condemuacionem‚
663 3091 760 3154 quam
773 3071 991 3158 merebantur,
1003 3073 1201 3140 relaxarunt.
1211 3075 1322 3140 Itata·

198 3203 277 3250 men
293 3179 379 3264 quod
394 3180 549 3267 deinceps
565 3180 644 3248 dicti
656 3180 853 3266 jobagiones
879 3187 911 3246 et
935 3177 1049 3248 ciuiles
1065 3181 1165 3246 nichil
1182 3181 1249 3247 litis
1266 3186 1323 3246 aut

199 3288 442 3367 contrarietatis
458 3308 555 3372 super
572 3307 672 3356 causa
687 3289 858 3372 premissa,
877 3295 992 3356 contra
1007 3288 1191 3360 Ecclesiam
1208 3285 1323 3354 Sancti

199 3395 334 3464 Martini
357 3396 500 3464 audeant
525 3383 577 3462 uel
603 3403 793 3480 presumant
809 3395 966 3480 incitare;
992 3395 1077 3464 alias
1093 3394 1231 3480 turpiter
1247 3414 1322 3462 con-

199 3507 443 3574 demnarentur.
470 3503 512 3570 lit
526 3511 571 3570 ut
595 3504 660 3570 ista
679 3504 771 3570 firma
788 3510 820 3568 et
835 3510 910 3570 rata
926 3510 1139 3588 permancant
1154 3509 1324 3588 presentes

198 3617 332 3682 litteras
357 3613 576 3678 concessimus
602 3611 704 3696 sigilli
729 3611 834 3678 nostri
850 3612 1034 3696 patrocinio
1050 3605 1230 3678 roboratas.
1255 3611 1322 3688 Da,-

197 3731 266 3816 tum
280 3721 342 3810 per
357 3741 474 3789 manns
489 3721 611 3786 llathie
626 3721 729 3806 nostri
744 3720 873 3786 Notarii
888 3739 974 3786 auno
985 3719 1155 3786 Dominice
1171 3722 1322 3798 lucarna-

198 3833 307 3902 cionis
324 3830 497 3927 millesimo
514 3829 737 3896 ducentesimo
754 3828 919 3894 tricesimo
935 3847 1042 3893 nono.v
1065 3816 1068 3822 ’

212 4049 253 4124 (Α
266 4043 487 4108 ssent-mercori
500 4041 654 4116 ldapsltsig
666 4038 863 4102 levdltdrdban
876 4044 968 4099 trattt
980 4037 1089 4096 eredeti
1101 4035 1178 4096 uttn
1192 4035 1296 4108 oues.)

638 4335 841 4352 m
