3140 5044
793 207 861 277 266

265 409 316 472 ast
332 409 420 469 meta
437 403 601 470 tumulata
616 403 660 470 ad
677 407 861 470 reseeatsm
871 402 991 489 ilioem;
1017 401 1135 472 deinde
1160 406 1265 474 tendit
1279 407 1326 472 ad
1342 406 1401 473 ili-

266 532 346 596 osm,
364 530 427 595 qne
444 517 494 578 est
510 529 605 578 seens
622 510 709 584 uam
724 510 890 596 publicam
901 501 1174 596 prenominatam,
1193 520 1227 580 et
1240 534 1299 600 per
1311 535 1397 598 ean-

266 617 340 686 dem
355 622 442 688 viam
468 620 573 688 eundo
599 616 644 686 ad
660 625 789 706 partem
806 618 1048 687 ooeidentalem
1064 620 1238 688 reuertitur
1254 621 1299 688 ad
1315 641 1396 707 pre-

267 721 522 814 diotnm[looum‚
532 724 686 792 ubimete
697 725 781 794 diote
792 733 879 793 terre
889 726 1115 793 terminantur.
1129 727 1320 796 Prestaldus
1337 747 1400 794 nu·

245 828 247 834 ’
266 843 331 902 tem
348 833 445 904 huius
462 852 562 901 eause
577 839 628 900 est
643 834 828 901 Demetrius
844 833 962 900 Comes
972 832 1056 901 iilius
1073 834 1194 917 Endre,
1212 835 1266 918 qni
1281 855 1342 921 pre
1353 853 1396 902 se

266 943 353 1009 misit
369 939 528 1025 quendam
545 941 760 1026 pertinentem
776 959 869 1009 sunm
885 941 1015 1008 nomine
1031 941 1233 1008 Mauricium.

372 1047 466 1116 Vnde
481 1048 568 1117 idem
594 1048 707 1115 Abbas
723 1047 924 1134 supplicauit
938 1047 1044 1131 nobis,
1060 1053 1095 1114 vt
1111 1047 1250 1116 eandem
1266 1055 1392 1118 terram

267 1156 409 1240 Endred
427 1175 490 1239 que
506 1155 569 1222 sibi
584 1155 759 1224 iustificata
784 1155 912 1241 extitit,
936 1162 1047 1222 nostre
1063 1153 1275 1240 dignaremur
1290 1159 1391 1242 priui-

266 1266 353 1350 legio
370 1262 570 1331 eonfirmare.
597 1263 665 1330 Nos
694 1264 792 1348 igitur
809 1263 912 1350 ipsius
930 1263 1126 1347 petioionem
1143 1265 1261 1330 iustam
1278 1271 1388 1332 atten-

267 1375 383 1442 dentes
399 1373 434 1440 in
451 1372 515 1438 hae
530 1377 624 1458 parte
647 1369 824 1440 seeundum
840 1371 1078 1439 continenciam
1093 1371 1276 1438 litterarum
1291 1372 1390 1455 Capi·

267 1481 328 1549 tuli
357 1479 615 1568 vesprimiensis
641 1481 746 1568 ipsam
763 1485 884 1546 terram
901 1477 1008 1546 eidem
1023 1479 1225 1548 Menanterio
1250 1479 1292 1547 de
1305 1479 1390 1546 Beei

268 1589 462 1656 austeritate
478 1589 683 1676 presencium
701 1585 938 1656 confirmamus.
949 1589 987 1654 In
997 1587 1088 1654 emus
1104 1587 1151 1653 rei
1167 1587 1389 1656 testimoninm

269 1702 302 1762 et
317 1704 509 1784 perpetuam
525 1681 713 1763 firmitatem
738 1700 910 1784 presentes
925 1697 1054 1764 litteras
1071 1696 1291 1763 eonoessimus
1307 1696 1388 1780 dnp

268 1805 342 1872 linis
358 1803 459 1886 sigilli
474 1806 577 1872 nostri
594 1802 772 1870 munimine
789 1805 970 1871 roboratas.
987 1802 1107 1870 Datum
1123 1823 1184 1889 per
1194 1822 1309 1870 manus
1325 1805 1389 1870 Be-

268 1910 392 1980 nedioti
408 1921 441 1979 et
457 1910 562 1978 fidelis
588 1912 690 1978 nostri
707 1912 854 1996 magistri
866 1909 1041 1995 smaragdi
1057 1909 1212 1978 Albensis
1229 1911 1393 1996 Propositi

268 2019 344 2086 aule
368 2025 479 2087 nostre
504 2018 820 2104 vicecancellarii,
845 2039 931 2087 anno
956 2019 1088 2096 Domini
1105 2016 1272 2086 M⁰GO⁰L⁰
1287 2024 1392 2100 sexto,

269 2127 381 2210 quinto
398 2125 523 2194 deeimo
550 2127 713 2195 kalendas
730 2125 855 2210 Marcii,
872 2127 977 2212 Regni
993 2133 1102 2195 autem
1118 2127 1223 2194 nostri
1238 2144 1325 2194 anno
1341 2127 1390 2192 vi·

269 2233 395 2318 gesimo
411 2233 523 2317 primo.

432 2423 580 2492 (Eaedetie
593 2442 611 2481 s
624 2426 836 2483 snentmirtoni
848 2425 1001 2500 idapttsdg
1013 2423 1235 2495 lsvsrttrtbm.)

730 2725 950 2742 Ἣ

797 3169 874 3235 ΠΒ.

271 3367 329 3434 11⁷.
347 3366 428 3434 Belo
442 3366 551 3455 kirtly
577 3389 598 3430 a
607 3363 841 3456 pouaoadolmi
865 3369 1001 3452 apdtadp
1015 3388 1031 3430 s
1046 3387 1068 3428 u
1081 3365 1343 3451 Hepymapaadnn
1360 3365 1393 3430 6⁸

271 3475 423 3542 Karsten
439 3475 515 3540 lake
527 3473 647 3560 loudlyi
662 3473 869 3538 rudoarnsokolt
884 3473 968 3536 kuni
983 3471 1119 3537 immola
1134 3473 1291 3558 ipazitdsa
1307 3473 1393 3536 irdat

652 3581 839 3647 intdzkedik.
857 3581 956 3647 1256.

377 3758 460 3828 Bela
474 3759 537 3826 Dei
561 3759 865 3845 graoiaHnngarie‚
887 3757 1076 3842 Dalmaeie,
1104 3757 1252 3842 Oroaoie,
1279 3757 1390 3841 Reme,

270 3865 770 3954 Seruie‚',t}aliiaieLLodomerie
781 3865 1007 3950 Gumanieque
1018 3867 1088 3932 Rex
1103 3864 1254 3932 omnibus
1271 3863 1391 3932 Christi

270 3971 421 4041 fidelibus
446 3981 633 4058 presentem
659 3976 814 4060 paginam
831 3973 1030 4062 inspeoturis
1054 3974 1194 4041 salutem
1219 3971 1254 4038 in
1271 3991 1321 4048 eo,
1337 3973 1391 4054 qni

271 4087 322 4151 est
337 4083 428 4150 seins
453 4081 604 4149 omnium.
632 4082 758 4165 Regum
785 4088 836 4150 est
861 4083 1026 4168 proprium
1054 4081 1165 4148 faeere
1181 4079 1343 4146 iusticiam
1359 4083 1392 4144 et

270 4191 443 4278 inuigilare
459 4189 614 4258 remediis
640 4190 871 4258 subieotorum.
889 4190 970 4257 Ourn
986 4189 1072 4255 enim
1090 4207 1148 4257 eos
1164 4187 1199 4253 in
1213 4205 1299 4272 paee
1315 4203 1390 4251 eou-

270 4318 450 4384 sernamus,
476 4318 550 4365 enm
574 4317 686 4366 eornm
702 4298 865 4368 seandala
882 4315 1098 4379 remanemus,
1115 4315 1175 4392 nos
1191 4295 1225 4361 in
1242 4295 1386 4379 ipsorum

271 4406 380 4489 quiete
389 4403 630 4490 quiescimusfet
639 4407 792 4474 fouemur.
801 4405 941 4473 Proinde
950 4405 994 4472 ad
1003 4399 1389 4471 uniuersornmnetioiam

271 4517 388 4586 harum
403 4515 488 4581 serie
518 4515 698 4584 litterarum
708 4512 857 4582 uolumus
873 4511 1055 4599 peruenire,
1072 4510 1162 4594 quod
1180 4527 1253 4577 eum
1276 4507 1387 4594 mmo
