3140 5044
676 318 834 427 Q

195 519 285 581 teras
302 519 434 580 cosmas
444 513 592 581 dedimus
609 515 642 580 in
659 519 888 604 testimonium,
900 519 1132 603 sigillonostra
1143 521 1325 595 robaratas

193 620 314 688 Datum
330 639 415 686 anno
431 621 563 688 Domini
578 624 678 694 Meu.
696 627 971 712 quinquagesimo
987 629 1043 697 VI.

192 811 552 876 (TeutsolresFirnlraber
574 819 811 878 Urknudenbuch
832 840 886 878 aur
911 822 1130 890 Gescbiohiohte
1152 826 1324 888 sistentur

206 932 209 938 ·
635 911 901 984 mmlhstm

625 1205 874 1221 Μ

574 1747 578 1754 ¹
690 1621 788 1712 'raa

193 1823 254 1889 IV.
272 1825 356 1888 Rota
373 1807 482 1908 tlroty
498 1847 519 1887 o
532 1822 760 1907 panaoakalmi
775 1829 910 1911 opdtadp
926 1828 958 1890 aa
972 1829 1133 1912 aepciaek,
1158 1839 1242 1896 uzant
1256 1831 1322 1896 Iet-

231 1930 343 1997 vdrsto'l
356 1940 454 2017 apert,
471 1931 700 2044 tdrutaylteztlst'
714 1933 930 2020 amaedeopot
942 1935 1054 1999 adsita
1066 1957 1144 2022 mep.
1178 1939 1275 2004 1257.

306 2127 390 2193 Bela
404 2127 468 2194 Dei
483 2127 599 2212 gracia
615 2126 792 2220 Raugonia,
820 2127 1012 2212 Dalmatio,
1029 2130 1188 2217 Oroatia,
1210 2135 1322 2219 Rama,

193 2234 322 2320 Seruio,
339 2235 490 2318 Gallicis,
508 2233 718 2330 lacedemonia,
735 2235 958 2320 (inmaniaque
983 2239 1053 2304 Rex
1078 2239 1226 2308 omuibus
1252 2263 1323 2329 pre

183 2345 303 2412 'sentes
314 2342 440 2409 litteras
450 2342 646 2428 inspecturis
664 2343 806 2409 salutem
816 2342 850 2408 in
861 2362 911 2427 eo,
929 2344 984 2427 qui
1000 2351 1051 2412 cst
1067 2346 1158 2414 salus
1168 2349 1322 2417 emnium.

192 2450 401 2518 Excellenoie
417 2449 568 2517 conuenit
583 2449 686 2534 Regis
702 2437 872 2518 libertates
889 2451 1113 2519 Ecclesiarum
1140 2473 1199 2521 suo
1224 2457 1322 2544 priui-

190 2561 278 2646 legio
295 2559 459 2643 roborare,
475 2563 509 2624 vt
523 2556 666 2626 Domino·
679 2559 877 2626 famulantes
893 2561 927 2626 in
945 2559 1060 2627 habitu
1074 2553 1219 2647 regulari
1240 2567 1323 2634 aiu·

192 2667 305 2738 dioiali
321 2667 460 2752 strepitu
475 2667 624 2751 expediti
636 2665 778 2733 liberius
796 2667 930 2732 valeant
944 2665 996 2753 iis,
1018 2687 1082 2760 que
1109 2666 1151 2736 ad
1178 2671 1322 2760 salutem

194 2775 376 2848 animarum
389 2775 587 2861 respiciunt,
603 2775 770 2841 insudare.
806 2774 947 2842 Proinde
963 2775 1008 2841 ad
1025 2775 1251 2847 uniuersorum
1265 2799 1322 2844 no·

191 2884 304 2956 tioiam
319 2883 470 2952 uolumus
487 2883 669 2970 peruenire,
686 2883 774 2965 quod
790 2866 953 2948 accedens
968 2883 1014 2950 ad
1029 2888 1174 2956 nostram
1191 2903 1323 2976 proseu-

194 2991 279 3060 ciam
296 2993 408 3059 Fauna
423 2991 535 3059 lotas
552 2991 667 3059 Sancti
682 2990 813 3056 Martini
830 2989 873 3056 de
893 2989 994 3056 Sacro
1019 2990 1130 3056 Monte
1155 2973 1324 3060 Pannonio

196 3099 336 3168 dilectus
353 3107 386 3164 et
400 3097 506 3168 fidelis
522 3105 633 3165 noster
658 3097 752 3164 nobis
778 3095 1014 3169 instantissime
1038 3098 1256 3183 supplicauit‚
1288 3108 1325 3168 rt

194 3205 429 3272 immunitatem
445 3223 503 3274 seu
519 3205 706 3273 libertatem
722 3202 873 3271 Ecclesia
890 3222 949 3270 sue
977 3221 1169 3270 concessam
1194 3222 1216 3268 a
1241 3206 1323 3272 San·

195 3319 248 3380 oto
280 3313 371 3400 Rege
402 3314 572 3400 Stephano
604 3319 637 3378 et
667 3312 758 3397 Rege
788 3311 870 3378 Bela
894 3311 998 3398 primo
1031 3311 1230 3394 indotatam,
1261 3329 1323 3394 que

195 3423 325 3508 quidem
340 3421 418 3488 talis
434 3427 486 3489 est
495 3472 505 3506 ‚
521 3427 557 3488 vt
572 3421 676 3506 ipsum
693 3419 858 3486 Abbatcm
874 3425 907 3484 ct
923 3419 1064 3504 populos
1089 3417 1227 3501 predicti
1251 3419 1319 3485 llo·

194 3530 331 3600 casterii
354 3530 461 3597 nullus
482 3527 629 3614 judicum
646 3533 756 3612 preter
771 3531 919 3612 nostram
944 3543 1119 3610 personam
1144 3527 1197 3609 vel
1223 3545 1322 3609 quam

194 3639 279 3706 idem
296 3639 408 3706 Abbas
424 3659 446 3706 a
460 3639 551 3724 Rege
567 3637 602 3703 in
615 3635 760 3721 judicem
777 3635 841 3702 sibi
853 3641 893 3700 et
907 3635 974 3705 suis
990 3633 1121 3722 populis
1132 3635 1322 3724 specialiter

193 3747 384 3833 postularet,
400 3745 522 3814 audeat
546 3743 710 3826 iudicare,
736 3742 892 3808 iunouarc
924 3746 958 3808 et
988 3737 1180 3808 confirmare
1210 3747 1321 3810 nomo
1410 3773 1414 3784 ·

166 3863 172 3874 '
194 3853 368 3940 priuilegio
393 3852 602 3940 dignaremur
613 3874 622 3935 ;
639 3833 689 3917 ad·
700 3849 918 3938 intencionem
939 3845 1170 3933 roborandam,
1185 3848 1322 3918 innona-

195 3956 322 4031 cionem
340 3967 372 4027 et
388 3959 669 4030 confirmacionem
697 3957 802 4044 patris
827 3958 930 4024 nostri
962 3957 1051 4024 clare
1082 3957 1258 4042 memorie,
1290 3962 1324 4022 et

198 4071 303 4136 eciam
319 4069 447 4137 litteras
463 4075 594 4135 nostras
610 4065 748 4133 cursiles
765 4055 864 4150 super
880 4064 1049 4152 premissis
1066 4061 1262 4132 exhibendo.
1280 4061 1323 4128 Et

197 4179 275 4262 quia
291 4177 354 4245 hoo
371 4176 454 4245 idem
472 4175 578 4243 dictus
594 4175 708 4242 Abbas
724 4173 865 4241 asseruit
882 4191 956 4240 esee
981 4172 1139 4244 hactenus
1166 4171 1321 4239 obserua-

196 4294 265 4354 tum
279 4287 325 4354 de
341 4285 575 4354 consuetudine
592 4284 798 4369 approbata,
815 4288 852 4349 vt
867 4287 979 4349 nostro
1004 4281 1057 4346 vol
1082 4275 1225 4344 Palatini
1250 4275 1322 4360 ipse

198 4401 231 4463 ct
245 4393 425 4480 suipopnli
441 4393 576 4461 adstare
602 4391 728 4478 judicio
752 4389 977 4460 tautummodo
1001 4390 1193 4468 teneantur,
1217 4382 1322 4470 ipsius

197 4501 349 4586 precibus
365 4501 519 4568 inclinati
532 4499 740 4584 concedimus
756 4504 790 4565 et
805 4497 998 4584 satuimus,
1026 4499 1062 4558 vt
1086 4489 1193 4558 dictus
1209 4490 1322 4557 Abbas

198 4619 231 4680 et
246 4609 297 4680 sul
313 4611 429 4702 populi
445 4611 479 4679 in
506 4613 620 4678 nostra
644 4607 819 4696 presencia
842 4605 897 4674 vel
920 4597 1064 4674 Palatini
1090 4599 1324 4672 conuenienter
