3184 5064
690 989 772 1055 212.

23 1225 27 1268 ξ
160 1185 298 1274 Apybro'
312 1186 469 1274 baptalco
486 1187 658 1273 bizonya'tja
666 1234 676 1272 ,
703 1183 787 1274 bopy
803 1207 825 1249 a
835 1184 1069 1272 paorroolrcboi
1086 1187 1116 1250 ts
1131 1208 1152 1249 a
1168 1184 1294 1252 scateat

23 1313 24 1324 ¹
162 1295 337 1382 apdtsdpok
352 1295 422 1360 labat
441 1295 530 1362 Tunt
544 1293 666 1383 helysep
682 1295 846 1362 birtokdra
866 1295 1038 1360 oooatkoao
1055 1311 1115 1378 per·
1125 1293 1292 1358 colmane

381 1403 474 1468 uret
488 1401 592 1468 tettae
607 1401 691 1468 eluat
712 1405 880 1470 iateztetett
910 1401 947 1466 el.
973 1401 1072 1466 1258.

269 1599 456 1686 Capitulum
481 1597 633 1668 Ecclesie
659 1598 852 1668 Gouricmm
868 1597 1019 1666 omnibus
1046 1595 1168 1666 Christi
1186 1593 1291 1663 fideli·

23 1773 25 1782 ,
166 1708 228 1774 bus
245 1706 454 1794 presencium
486 1705 726 1792 inspectoribus
750 1707 896 1773 salutem
921 1705 956 1772 in
981 1704 1097 1770 salutis
1121 1701 1305 1791 largitore„

23 1801 25 1818 ¹
161 1814 260 1882 Fines
278 1833 452 1882 cansarum
468 1814 510 1883 do
526 1813 618 1881 facili
634 1813 871 1898 inambiguum
888 1812 1091 1896 rediguntur,
1117 1810 1182 1877 nisi
1197 1811 1288 1876 testi·

23 1919 25 1928 “
162 1922 271 1990 monio
288 1923 470 1991 litterarum
488 1921 674 1988 fulciantur.
706 1920 866 2001 Quocirca
881 1919 1089 1986 uniuersitati
1109 1925 1217 1985 vestre
1233 1922 1278 1982 tc·

162 2049 247 2100 nore
258 2029 464 2116 presencium
480 2027 707 2115 declaramus,
734 2028 822 2112 quod
838 2027 924 2112 Elya
948 2026 1078 2094 Abbate
1103 2023 1291 2092 Monasterii

163 2137 257 2205 Beati
272 2136 393 2206 Jacobi
408 2137 451 2204 de
465 2137 586 2224 Selyu,
606 2135 753 2204 Oorrado
780 2135 847 2202 filio
876 2134 966 2200 Petri
991 2133 1033 2202 de
1059 2130 1232 2216 Oheehun,
1258 2137 1292 2198 et

162 2243 304 2331 (taorgio
320 2243 388 2314 tilio
405 2243 544 2312 Comitis
560 2243 727 2312 Desiderii
742 2250 861 2328 nepote
877 2241 1022 2308 eiusdem
1031 2241 1129 2325 Petri,
1144 2238 1291 2324 patronis
1394 2290 1397 2298 .

161 2350 241 2420 dicti
257 2352 451 2420 Mcnasterii
467 2353 509 2420 (le
526 2351 624 2440 Selyn
642 2372 684 2419 ex
698 2371 765 2418 uua
781 2356 885 2438 parte,
903 2368 964 2416 nec
989 2369 1054 2414 non
1069 2349 1201 2415 ¹(lesura
1225 2347 1289 2413 De·

162 2478 245 2526 cauo
270 2460 463 2529 Monasterii
488 2460 585 2527 Beati
614 2457 747 2526 Martini
778 2460 820 2526 de
850 2457 952 2526 Sacro
982 2459 1091 2524 Monte
1120 2454 1290 2522 Pannonia

23 2549 25 2590 ⁴
159 2567 292 2634 nomine
307 2571 534 2652 procuratorio
551 2567 637 2635 Faui
652 2568 791 2638 Abbatis
808 2565 956 2635 eiusdem
970 2563 1162 2633 Monasterii
1178 2583 1289 2632 eoram

23 2659 25 2702 ⁵
160 2675 257 2742 nobis
274 2677 539 2762 comparentibus
556 2695 597 2742 ex
614 2676 734 2760 altera,
754 2679 1002 2760 proposuerunt,
1020 2673 1107 2756 quod
1118 2691 1190 2739 cum
1201 2671 1289 2738 idem

23 2769 25 2808 ³
160 2779 612 2868 nonantulanorum
629 2781 671 2848 dc
687 2783 788 2867 Selyc
806 2788 839 2848 et
854 2787 1046 2867 prenotatos
1064 2779 1210 2846 ¹Nobiles
1235 2799 1288 2848 co·

23 2877 25 2918 l
159 2909 228 2956 ram
244 2889 377 2959 domino
393 2893 483 2976 Rege
497 2889 654 2958 traxisset
669 2890 703 2956 in
720 2907 867 2974 causam,
885 2889 1001 2956 voleus
1017 2888 1141 2974 abipso
1157 2885 1290 2953 Abbate

23 2987 25 3030 ³
160 2999 193 3064 in
221 2999 303 3065 uilla
319 2999 433 3066 Tuncu
457 3005 609 3085 repetere
625 2997 742 3065 siluam
767 2999 801 3064 in
826 3003 917 3064 terra
943 2995 1079 3064 duorum
1104 3000 1287 3064 aratrorum

23 3091 25 3142 ⁵
160 3107 335 3190 iacentem,
361 3111 395 3171 et
426 3113 548 3174 terram
568 3105 730 3172 arabilem
754 3105 830 3174 usui
859 3105 956 3174 unius
987 3105 1090 3172 aratri
1121 3103 1287 3172 sufficien-

160 3217 244 3298 tem3
266 3233 287 3280 a
303 3211 399 3280 dietis
416 3219 528 3281 autem
552 3213 717 3280 nobilibus
743 3213 776 3278 in
793 3215 910 3282 eadem
927 3214 1008 3280 uilla
1024 3216 1152 3278 centum
1169 3210 1288 3295 uiginti

160 3320 275 3404 iugera
292 3327 379 3386 terre
395 3319 546 3387 similiter
560 3325 711 3406 repetere
727 3321 897 3404 voluisset,
914 3318 1120 3403 quasiiidcm
1129 3316 1242 3386 Abbas
1254 3328 1288 3385 et

160 3428 287 3496 nobiles
303 3425 465 3494 violenter
481 3435 659 3514 occupatas
686 3428 896 3496 detinuerint.
922 3425 1071 3494 Tandem
1096 3445 1138 3493 ex
1153 3427 1288 3512 permis-

23 3533 26 3578 1
160 3535 252 3603 sione
268 3533 393 3602 domini
407 3534 509 3618 Regis
525 3535 597 3621 ipse
624 3542 735 3622 partes
761 3534 1063 3621 compromisissent
1086 3536 1120 3600 in
1136 3533 1286 3620 arbitros,

160 3641 337 3726 obligando
355 3661 391 3708 se
413 3641 598 3710 eorumdem
623 3644 826 3711 sentenciam
851 3642 1109 3709 irrecusabiliter
1134 3641 1285 3707 tolerare.

159 3746 261 3832 Igitur
276 3768 338 3834 per
353 3752 555 3818 sentenciam
571 3749 733 3818 dictorum
749 3752 946 3818 arbitrorum
962 3747 1075 3817 taliter
1091 3749 1217 3816 exstitit
1235 3769 1286 3816 or·

158 3856 320 3941 dinatum3
338 3857 426 3940 quod
441 3855 549 3926 dictus
566 3857 680 3928 Abbas
698 3860 739 3926 dc
756 3861 856 3945 Selyz
872 3857 1072 3934 Monasterio
1089 3856 1184 3924 Beati
1199 3856 1285 3923 llar-

156 3961 216 4028 tini
231 3963 346 4032 statuit
362 3965 530 4048 quandam
545 3969 663 4036 siluam
679 3969 764 4036 inter
780 3968 893 4034 uillam
909 3955 1025 4034 Tunes
1046 3972 1080 4034 et
1105 3965 1217 4053 Apaty
1232 3984 1284 4032 su-

157 4090 217 4154 per
233 4089 298 4138 uno
314 4071 488 4140 monticulo
498 4081 624 4161 aparte
641 4073 837 4143 occidentali
854 4075 1067 4160 existentem
1085 4073 1178 4140 cuius
1195 4077 1283 4139 meta

155 4179 189 4246 in
206 4181 262 4245 uia
287 4165 426 4246 annexa
443 4179 550 4254 radici
576 4183 725 4251 eiusdem
754 4182 873 4250 montis
899 4181 1105 4268 incipiendo,
1131 4179 1285 4247 aseendit

156 4307 259 4372 usque
276 4286 321 4354 ad
337 4291 445 4354 metas
460 4289 618 4357 nobilium
632 4289 675 4359 de
694 4291 857 4375 Scemere,
874 4290 991 4359 ubido
1014 4308 1100 4356 nouo
1126 4292 1217 4353 meta
1232 4293 1285 4352 est

153 4399 274 4481 erecta,
293 4413 456 4483 separans
475 4395 582 4483 ipsam
598 4397 719 4466 siluam
734 4417 756 4464 a
771 4398 868 4466 terris
884 4397 1043 4466 dictorum
1059 4391 1218 4463 nobilium
1240 4393 1283 4460 de

152 4503 306 4571 Sccmere
322 4505 365 4572 ab
381 4503 540 4594 inuicem
559 4507 735 4594 capitanea
745 4513 855 4574 autem
870 4513 960 4574 meta
974 4500 1131 4590 incipitin
1141 4500 1284 4584 quadam

158 4612 213 4680 uia
227 4611 369 4709 herbosa
387 4633 444 4683 sev
461 4613 606 4702 pedestri
623 4617 760 4698 semita,
781 4620 820 4680 ct
836 4611 1044 4702 protenditur
1061 4625 1176 4677 uersus
1193 4611 1283 4696 aqui-
