3220 5058
786 271 838 339 52Ι

138 481 143 498 ·
249 469 317 532 tam
341 463 447 551 ipsum
473 483 571 550 quam
596 465 696 533 etiam
721 485 883 552 personas
902 462 1049 533 eiusdem
1064 466 1249 533 immaniter
1263 485 1374 551 perso·

250 570 387 656 quando.
412 569 507 640 Unde
522 593 595 640 cum
610 571 644 638 iu
660 573 809 658 partibus
824 571 890 642 illis
906 579 1041 660 propter
1057 575 1238 660 potentiam
1257 591 1372 640 coruu-

249 679 324 747 dem
349 685 382 748 ct
407 681 608 748 venerabilis
632 679 744 749 fratris
769 681 950 750 nostri...
976 679 1190 748 Gouadiousis
1215 679 1373 767 Episcopi

248 787 339 874 ipsus
356 787 390 853 iu
405 807 466 856 sua
482 789 609 857 malitia
625 787 848 875 confoventis,
864 807 925 878 par
940 789 1032 857 cuins
1047 788 1291 875 oppressionem
1307 807 1372 855 mo

247 895 427 964 nestorium
442 896 547 984 ipsum
564 896 681 965 dicitur
696 897 766 966 scre
791 897 834 964 ad
859 897 1015 964 nichilum
1031 897 1097 964 iam
1113 895 1305 984 deductum,
1330 896 1372 964 da

248 1002 322 1090 puri
346 1011 510 1090 nequeant
529 1005 726 1075 contendero
742 1024 814 1074 cum
830 1005 974 1092 eisdem,
1000 1025 1099 1092 super
1122 1003 1185 1071 hoc
1207 1004 1371 1092 provideri

249 1110 313 1178 sibi
327 1112 494 1182 humiliter
509 1116 725 1200 postularunt
744 1115 909 1194 Quocirca
923 1115 1128 1194 mandamus,
1148 1121 1309 1198 quatenns
1325 1113 1373 1181 di·

247 1218 308 1286 ctis
325 1221 497 1307 Proposito
523 1231 555 1290 et
580 1224 730 1310 Gapitnlo
747 1223 918 1310 proligatis
933 1224 1104 1292 terminum
1118 1221 1371 1309 peremptorium

248 1337 494 1416 competentem,
505 1349 569 1416 quo
586 1351 623 1398 ss
639 1339 751 1399 nostro
768 1333 957 1418 conspectui
972 1350 1030 1417 por
1045 1336 1288 1418 procuratorem
1302 1326 1372 1393 ido·
1443 1409 1449 1420 Ι

248 1454 344 1501 neum
359 1445 591 1524 representem,
607 1440 725 1507 facturi
740 1461 839 1527 super
850 1441 1022 1527 premissis
1039 1447 1073 1506 ot
1088 1439 1163 1504 aliis
1174 1455 1285 1505 eorum
1295 1453 1369 1519 qno

248 1542 326 1608 relis
341 1550 374 1610 ct
389 1547 562 1632 recepturi,
581 1548 669 1631 quod
684 1551 765 1616 crdo
783 1549 956 1616 dictaverit
970 1548 1118 1614 rationis.
1149 1541 1244 1624 Quod
1262 1551 1371 1610 autem

247 1649 324 1716 iude
340 1650 492 1738 feceritis,
509 1656 602 1723 uobis
618 1676 679 1741 per
694 1663 821 1724 vestras
838 1657 966 1725 litteras
983 1655 1148 1722 intimetis.
1162 1651 1260 1730 Quod
1269 1651 1298 1718 si
1306 1671 1371 1718 uon

246 1777 359 1826 omnes
385 1767 448 1828 etc.
480 1764 601 1831 Datum
621 1765 725 1831 Reate
741 1765 799 1830 111.
816 1783 920 1832 nouas
937 1761 1139 1848 Septembris
1156 1756 1370 1826 Pontificatus

245 1869 349 1934 nostri
363 1888 451 1937 auuo
467 1871 605 1942 decimo.

344 2045 408 2116 (IX.
421 2045 550 2123 saigny
561 2050 638 2124 pcps
650 2049 836 2124 sagonem
848 2049 973 2106 sueno
984 2047 1024 2104 su.
1037 2063 1073 2102 m.
1089 2045 1110 2102 r.
1123 2047 1152 2100 n.
1166 2045 1226 2100 ure.
1238 2043 1271 2114 1.)

784 2643 843 2708 2¹.

244 2819 302 2885 IX.
320 2820 452 2908 Gerpcly
464 2827 556 2909 popo
572 2845 593 2887 o
610 2822 712 2888 bollai
727 2819 920 2906 caperaotnak
935 2817 1115 2906 mopsopsco·
1123 2867 1132 2904 ,
1159 2819 1239 2906 hopy
1255 2841 1277 2882 a
1291 2819 1366 2884 not

419 2928 510 2994 torol
526 2927 719 2994 enokltsihco
734 2929 822 2993 mmet
836 2929 917 2992 resse
933 2926 1081 2992 volem
1098 2927 1198 2992 1236.

351 3101 530 3190 Gregorius
546 3107 729 3192 Episcopus
746 3113 806 3172 etc.
819 3104 941 3173 dilecto
957 3103 1026 3172 lilio
1042 3104 1076 3173 S.
1088 3103 1225 3192 pauperi
1240 3100 1365 3192 presbi-
1425 3109 1431 3120 '

242 3223 313 3283 tero
344 3209 585 3284 Archidiacouo
611 3215 653 3282 de
677 3215 777 3283 Bekis
798 3211 1024 3285 Waradieusis
1047 3213 1199 3283 Diocesis
1225 3215 1364 3280 salutem

241 3329 302 3390 etc.
318 3323 398 3392 Tuis
413 3327 565 3409 precibus
581 3322 731 3394 inclinati
748 3331 864 3407 tecum,
882 3329 916 3390 ut
931 3343 996 3391 uon
1012 3321 1165 3390 obstante
1181 3319 1268 3407 quod
1284 3319 1362 3389 olim

241 3433 419 3500 casualiter
442 3435 563 3501 crimen
586 3431 753 3500 homicidii
780 3429 964 3516 incurristi,
981 3448 1052 3496 cnm
1069 3429 1197 3496 clericis
1212 3427 1246 3495 iu
1262 3425 1361 3495 choro

240 3539 444 3622 psalmodias
460 3548 493 3608 et
507 3543 716 3627 responsoria
726 3547 869 3624 cantare,
886 3559 926 3606 ac
942 3537 1100 3605 lectiones
1114 3537 1363 3623 legaremsas,

240 3645 437 3712 auctoritate
452 3649 659 3733 presentium,
674 3649 921 3734 dispensamus,
947 3647 996 3713 ita
1011 3645 1099 3730 qnod
1114 3645 1159 3712 ad
1174 3645 1289 3714 altaris
1305 3643 1362 3710 mi-

239 3751 408 3819 nisterium
424 3754 633 3838 aliquatenus
648 3776 713 3823 uon
729 3754 880 3822 accedas.
905 3753 996 3822 Nulli
1011 3775 1089 3840 ergo
1105 3761 1167 3821 ctc.
1183 3759 1294 3821 nostro
1309 3749 1361 3816 di-

238 3861 463 3947 spensationis
479 3869 541 3930 etc.
567 3863 602 3934 si
619 3865 690 3947 quis
707 3870 816 3932 autem
832 3869 894 3930 cto.
926 3859 1048 3932 Datum
1063 3863 1167 3930 Reate
1183 3859 1274 3928 XIIL
1290 3859 1361 3926 kal.

238 3967 389 4037 Octobris
405 3969 617 4040 Pontificatus
633 3973 736 4041 nostri
752 3993 839 4042 anuo
855 3970 992 4039 docimo.

326 4149 390 4224 (IX.
404 4147 533 4222 Gergely
544 4148 621 4224 pulpa
631 4149 819 4226 Begastiibtl
831 4149 957 4206 ‘l'hoinar
968 4148 1008 4204 id.
1020 4165 1058 4206 m.
1074 4148 1096 4202 l.
1109 4148 1138 4205 k.
1152 4148 1215 4208 150.
1228 4149 1262 4218 l.)

669 4417 915 4429 ..ῃ-ψ..-
