3140 5044
835 219 902 289 248

784 309 944 322 ——ae—

306 415 494 504 cpiscopum
512 425 546 484 et
561 417 752 500 Ecclesiam,
770 417 824 483 vel
836 417 979 484 eiusdem
996 417 1241 504 Archiepiscopi
1258 437 1427 486 successo·

303 543 357 592 res
374 525 547 611 contigerit
567 525 755 608 impetrari,
778 542 820 591 ae
836 526 935 592 etiam
963 525 1113 593 omnibus
1139 527 1256 592 litteris
1272 531 1304 592 et
1321 525 1427 592 indul·
1518 577 1519 584 ,

306 633 426 720 gentiis
442 631 642 718 Apostolicis
667 632 860 716 impetratis,
888 639 921 701 et
937 634 1036 699 etism
1052 632 1277 719 impetrandis,
1294 635 1426 719 plenam

304 741 399 808 vobis
415 746 448 808 et
464 740 602 806 liberum
618 738 828 806 concedimus
853 741 1049 808 auctoritate
1064 743 1265 824 presentium
1289 741 1426 806 faculta-

304 855 390 915 tem:
415 848 460 914 ita
484 853 594 914 tamen
627 845 713 930 quod
737 896 744 912 .
771 897 779 912 .
805 895 812 912 .
836 847 1133 934 Archiepiseopus,
1166 867 1381 916 successores
1397 857 1427 914 et

304 953 456 1024 Ecclesia
481 961 659 1022 memorata
684 953 779 1022 dictis
804 954 1017 1024 creditoribus
1043 957 1148 1040 ipsam
1176 958 1349 1040 pecuniam
1366 957 1426 1024 sol-

305 1081 384 1152 vere
399 1082 526 1132 necnon
543 1069 576 1128 et
592 1063 634 1129 ad
651 1062 803 1148 dampna,
830 1081 993 1149 expensas
1010 1071 1043 1130 et
1058 1065 1238 1148 iuteresse,
1266 1065 1295 1130 si
1310 1065 1347 1129 in
1363 1071 1425 1130 ter·

305 1171 394 1237 mino
410 1172 585 1238 statuendo
603 1168 742 1236 eandem
760 1172 931 1257 pecuniam
948 1191 1011 1236 nou
1029 1172 1214 1254 solverent,
1239 1191 1342 1257 super
1359 1173 1425 1254 qni·
1518 1169 1519 1228 ἕ

305 1279 368 1346 bus
384 1279 527 1362 simplici
542 1279 642 1344 verbo
657 1277 730 1345 siue
746 1286 963 1361 sacramento,
979 1281 1033 1346 vel
1043 1279 1237 1364 probatione
1252 1277 1322 1346 alia
1340 1279 1427 1346 credi

306 1384 464 1468 volumus,
480 1393 659 1467 teneantur,
678 1394 711 1452 et
726 1387 864 1472 prefatis
886 1385 1102 1452 creditoribus
1118 1393 1271 1468 pretextu
1287 1385 1425 1452 alicuius

308 1493 546 1561 constitutionis
562 1492 720 1560 canonice
747 1496 800 1559 vel
817 1491 932 1576 civilis,
949 1499 1004 1557 ant
1021 1494 1241 1574 cuiuscunque
1255 1493 1422 1577 privilegii

306 1601 360 1668 vel
375 1599 584 1685 indulgentie,
601 1600 641 1666 de
652 1600 772 1684 quibus
783 1601 816 1666 iu
829 1600 950 1668 nostris
967 1601 1085 1667 litteris
1102 1600 1232 1684 plenam
1251 1605 1425 1685 etexpres·

307 1727 378 1774 sam
395 1706 437 1774 de
461 1705 561 1772 verbo
586 1705 630 1772 ad
656 1707 790 1774 verbnm
808 1713 957 1792 oporteat
982 1705 1052 1774 fieri
1077 1707 1293 1786 mentionem,
1320 1715 1355 1774 et
1372 1726 1425 1794 per

309 1834 405 1900 quam
424 1812 556 1903 ,prefati
582 1813 859 1900 Archiepiscopus
877 1821 910 1882 et
926 1832 1134 1881 successores
1150 1813 1362 1896 aliquatenus
1379 1835 1428 1881 va·

308 1925 398 1990 leant
413 1941 449 1990 se
466 1921 549 1990 tueri
558 1972 567 2007 ‚
593 1921 716 1990 dictam
731 1923 904 2007 pecuniam
920 1922 954 1987 in
970 1920 1142 1988 utilitatem
1166 1922 1297 2006 pretate
1314 1923 1425 1988 Eccle-

308 2029 357 2097 sie
382 2047 510 2095 versam
539 2048 616 2096 esse
640 2027 803 2114 probandi
830 2028 1012 2096 necessitas
1028 2048 1092 2094 non
1108 2027 1285 2094 incumbat.
1303 2029 1423 2094 Datum

306 2135 461 2205 Laterani
477 2135 519 2201 X.
535 2135 601 2201 kal.
619 2135 747 2220 Martii,
772 2133 997 2219 (Pontificatns
1011 2137 1127 2215 nostri)
1145 2154 1239 2202 auno·
1260 2135 1322 2201 Xl.

416 2307 477 2379 (lv.
492 2309 576 2365 lucae
588 2309 666 2382 papa
679 2308 875 2382 Regesttibol
889 2311 1014 2368 Theiuer
1026 2311 1064 2368 id.
1079 2328 1114 2365 m.
1128 2311 1150 2366 1.
1161 2309 1189 2364 k.
1204 2309 1266 2367 tat.
1280 2310 1314 2381 1.)
