3220 5058
232 893 237 900 -
287 931 345 997 IX.
365 929 498 1019 Gerpcly
507 933 600 1019 popo
615 929 740 996 der'do
754 929 849 1016 lovap
863 929 942 995 olleo
951 975 966 1015 5
988 951 1010 993 o
1020 929 1254 1016 moneodolrm'
1271 935 1413 1018 apdtsctp'

364 1039 555 1105 birtokdook
569 1037 752 1104 tcomroea
765 1038 866 1118 misti,
882 1041 999 1125 ojorran
1015 1037 1200 1103 iote'zkcdc'k.
1226 1037 1325 1104 1235.

392 1217 568 1303 Gregorius
594 1217 786 1303 Episcopus
801 1235 914 1284 seruus
939 1237 1103 1284 seruorum
1130 1219 1192 1284 Dei
1222 1216 1403 1285 venerabili

287 1321 382 1390 tratri
397 1373 407 1391 .
424 1373 432 1390 .
450 1372 458 1389 .
475 1325 637 1413 Episcopo
654 1325 843 1404 Geuriensi,
860 1331 893 1394 et
908 1325 1037 1392 dilectis
1052 1325 1128 1392 fillis
1145 1373 1152 1390 .
1170 1377 1177 1390 .
1195 1373 1202 1388 .
1226 1325 1347 1392 Abbati
1363 1324 1404 1392 de

287 1429 403 1498 Boion
427 1432 652 1502 cirterciensis
676 1431 807 1500 Ordinis
832 1437 866 1500 et
881 1483 889 1500 .
907 1481 914 1498 .
932 1481 940 1498 .
957 1434 1127 1518 Prepesito
1151 1467 1187 1478 -
1207 1469 1250 1481 —
1276 1431 1406 1516 Vespri·

289 1539 422 1608 miensie
446 1546 480 1608 et
504 1541 716 1610 cenadiensis
748 1541 934 1609 Diocesium
959 1543 1099 1608 salutem
1125 1549 1159 1608 et
1182 1539 1404 1625 Apostolieam

290 1645 557 1714 benedictionem.
571 1646 837 1734 significantibus
848 1649 976 1716 dilectis
987 1647 1067 1733 liiijs
1078 1693 1086 1712 .
1098 1694 1126 1712 ..
1142 1647 1270 1715 Abbate
1280 1654 1314 1713 et
1324 1647 1406 1713 Gon·

290 1761 389 1822 uentu
413 1755 603 1824 licussterii
633 1756 747 1824 Sancti
775 1755 910 1823 Martini
933 1757 974 1822 de
999 1755 1171 1822 Pannonia
1200 1752 1294 1821 nobis
1319 1755 1407 1819 inno-

288 1864 365 1948 tuit,
392 1864 569 1948 quodcum
585 1863 767 1930 Fabianum
782 1864 917 1931 militem
935 1862 1169 1948 strigoniensis
1186 1861 1337 1929 Diocesie
1353 1879 1406 1926 su·

287 1991 348 2058 per
361 1989 401 2039 eo
410 2019 419 2054 ,
446 1970 531 2054 quod
547 1969 721 2038 ecclesiam
737 1969 852 2038 Sancti
867 1971 1017 2058 Spiritus,
1033 1976 1149 2054 terras,
1165 1977 1271 2055 prata,
1287 1968 1406 2036 molen-

288 2078 375 2162 dina,
391 2095 525 2164 nemora
534 2127 544 2163 ,
560 2097 691 2164 seruos,
707 2079 834 2164 palatia
848 2086 882 2146 et
896 2081 981 2146 alias
996 2097 1051 2146 res
1067 2079 1211 2163 ipsorum
1228 2083 1342 2144 contra
1356 2077 1404 2142 iu·

290 2185 414 2252 stitiam
429 2183 607 2270 detinebat,
624 2192 698 2272 post
712 2187 823 2256 uanas
840 2186 1085 2256 commissiones
1101 2185 1144 2250 ed
1161 2183 1286 2252 iudices
1303 2184 1407 2250 diuer-

290 2311 345 2359 sos
361 2313 382 2358 a
397 2289 483 2360 Sede
499 2293 689 2378 Apostolica
703 2294 915 2380 impetratas,
940 2293 1044 2380 primo
1069 2313 1179 2360 coram
1204 2291 1324 2358 dilecto
1340 2289 1406 2356 filio

290 2395 440 2486 E(gidio)
456 2400 663 2468 Subdiacone
679 2409 713 2468 et
722 2401 900 2488 Capeliano
915 2408 1026 2469 nostro
1041 2409 1119 2468 tunc
1134 2401 1168 2466 in
1178 2399 1324 2486 Vogaria
1340 2399 1407 2466 exi·

290 2515 405 2592 olente,
423 2507 626 2594 postmodnm
642 2529 750 2578 coram
769 2509 947 2578 venerabili
962 2511 1065 2579 fratre
1080 2515 1192 2576 nostro
1209 2559 1217 2575 .
1235 2559 1242 2574 .
1260 2557 1267 2572 .
1284 2509 1408 2576 Prene-

290 2617 376 2685 atino
392 2653 432 2666 -
449 2654 493 2667 -
509 2653 551 2666 -
567 2619 692 2704 Legato
710 2620 907 2688 auctoritate
921 2625 1035 2688 nostra
1052 2617 1283 2686 conuenissent
1305 2653 1341 2664 -
1367 2653 1404 2664 -

290 2723 377 2792 idem
393 2709 486 2792 miles
503 2726 535 2791 in
551 2724 655 2810 ipsius
671 2727 827 2814 Episcopi
842 2728 1010 2814 presentia
1025 2744 1265 2812 recognoscens
1281 2723 1324 2792 ad
1340 2725 1406 2790 Mc-

290 2833 467 2900 nasterium
482 2836 644 2920 pertinere
659 2833 827 2921 predicta,
852 2835 989 2920 prestito
1005 2834 1186 2900 iuramento
1203 2832 1350 2920 promisit
1366 2850 1408 2897 ea

290 2939 489 3008 Mouasterio
505 2941 650 3028 prediolo
666 2942 856 3027 restituere,
880 2963 921 3010 ac
935 2943 1120 3010 nuliatenus
1136 2943 1312 3010 molestare
1328 2939 1408 3006 iilud

290 3048 333 3116 de
349 3055 456 3116 cetero
473 3069 571 3134 super
586 3050 688 3137 ipsis,
704 3053 773 3119 lata
793 3088 828 3098 -
847 3087 891 3100 -
906 3088 951 3100 -
966 3050 1007 3118 dc
1023 3053 1192 3120 uoluntate
1208 3069 1268 3118 sus
1284 3069 1343 3136 per
1358 3047 1406 3114 di·

291 3163 377 3224 ctum
394 3157 589 3244 Episcopum
605 3159 947 3228 excommunicationis
962 3161 1144 3244 sententia,
1160 3159 1191 3226 si
1205 3165 1319 3226 contra
1333 3175 1406 3244 prc-

234 3255 239 3258 ’
290 3271 429 3334 sumeret
444 3273 649 3352 attemptare,
669 3276 702 3336 et
717 3267 849 3336 tandem
864 3269 1027 3355 promissa
1042 3266 1299 3336 restitutione-
1308 3299 1406 3314 --··

290 3379 323 3442 et
338 3376 502 3443 sententia
526 3377 600 3464 ipea
615 3377 810 3464 contemptis
826 3395 883 3444 eos
899 3395 995 3461 snper
1010 3375 1078 3462 hijr
1095 3375 1211 3442 fortius
1226 3376 1325 3442 solito
1341 3393 1407 3441 mo-

290 3483 436 3566 lestaret,
453 3485 611 3571 capiendo
627 3486 803 3554 monachos
828 3493 862 3552 ot
886 3503 1062 3553 conuersos
1078 3484 1280 3551 uulnerando
1295 3501 1408 3552 seruos

290 3621 334 3634 -·
349 3623 394 3639 -
408 3623 453 3638 -
468 3591 582 3659 domes
607 3593 805 3676 quorundam
830 3613 961 3662 suorum
985 3589 1150 3659 hominum
1173 3589 1325 3658 incendio
1352 3590 1407 3656 de-

291 3697 463 3764 uastando.
496 3695 699 3767 Venerabilis
715 3700 817 3769 frater
832 3708 942 3770 noster
958 3749 966 3766 .
983 3747 992 3766 .
1009 3747 1016 3766 .
1033 3699 1208 3767 Nitriensis
1224 3697 1408 3786 Episcopus

293 3803 428 3886 eiusque
443 3803 580 3889 college,
601 3805 645 3872 ed
660 3826 755 3889 quem
771 3826 868 3893 super
883 3806 1111 3874 obseruatione
1127 3806 1287 3873 sententie
1303 3805 1408 3890 ipsius

291 3917 421 3979 nocuas
436 3911 564 3980 litteras
579 3912 810 4000 impetrarunt,
835 3915 902 3980 iam
926 3911 1047 3980 dictam
1064 3913 1407 3980 excommunicationis

292 4018 486 4088 sententiam
512 4019 750 4089 mandauerunt
767 4038 870 4104 usqne
885 4018 1142 4091 satisfactionem
1157 4021 1283 4088 seruari
1299 4017 1409 4086 condi·

291 4148 390 4214 gnam
400 4177 411 4213 ,
434 4133 554 4194 etcum
571 4123 878 4196 excommunicatum
895 4125 1023 4213 publice
1041 4126 1203 4213 nuntiari,
1227 4131 1260 4192 et
1285 4127 1409 4193 arctius

291 4235 417 4304 euitsri.
442 4233 561 4302 Verum
586 4233 783 4302 venerahilis
807 4233 910 4301 irater
933 4240 1045 4301 noster
1061 4284 1068 4299 .
1084 4281 1118 4300 ..
1144 4233 1334 4300 colocensis
1348 4233 1408 4299 Ar-

292 4345 518 4434 chiepisoopus
542 4363 607 4410 uon
625 4343 732 4413 solum
747 4363 811 4410 non
826 4343 942 4411 uitauit
957 4341 1094 4411 eundem
1110 4344 1145 4408 in
1159 4343 1342 4426 locutione,
1367 4357 1408 4405 ac

293 4471 407 4520 mensa
430 4461 464 4522 et
487 4451 603 4521 ciliciis
628 4451 692 4521 sibi
711 4449 975 4522 communicando
991 4486 1036 4500 -
1050 4487 1094 4498 -
1109 4467 1221 4518 verum
1238 4485 1282 4498 -
1298 4447 1409 4535 predi-

294 4568 380 4634 ctam
405 4563 577 4632 ecelesiam
602 4562 645 4630 ad
670 4561 865 4630 desiderium
882 4562 971 4632 illius
986 4567 1072 4628 totus
1088 4558 1268 4644 accedens,
1295 4555 1409 4625 eiectis
