3210 5018
209 1023 212 1037 ·
261 1001 318 1066 ΙΧ.
336 997 473 1086 Gerpely
483 1001 576 1088 pdpa
592 993 722 1076 rendeli,
739 996 817 1080 hopy
832 1017 871 1059 aa
887 995 990 1059 ecclei
1004 993 1139 1062 dulcator·
1155 1017 1176 1060 a
1191 983 1340 1062 leur-tmesi

435 1135 438 1140 ·
557 1104 1065 1194 reodueltdtcduttusadk.1238.'

345 1285 524 1369 Gregorius
552 1275 732 1368 Episcopus
758 1289 819 1347 etc.
846 1281 1087 1350 uenerabilibus
1113 1283 1292 1352 iratribus.
1318 1333 1325 1348 .
1352 1333 1359 1350 .

238 1393 493 1478 Archiepiscopo
509 1389 726 1474 strigoniensi
743 1397 775 1455 et
800 1439 806 1452 .
835 1439 842 1454 .
871 1433 888 1453 ,ι
905 1391 1067 1477 Episcopo
1084 1392 1257 1472 Perusino,
1276 1393 1360 1479 Apo

240 1503 353 1568 stolice
369 1499 466 1568 Sedis
481 1501 625 1584 Legato,
652 1499 792 1590 salutem
811 1503 872 1564 etc.
904 1499 968 1566 Illa
985 1499 1196 1585 prerogativa
1215 1497 1360 1566 dilectio·

239 1613 291 1678 nis
308 1601 516 1677 durissimum
541 1609 574 1673 in
599 1605 728 1675 Christo
744 1605 846 1673 filium
864 1615 1007 1696 nostmm
1026 1657 1033 1674 .
1052 1658 1059 1674 .
1078 1657 1086 1672 .
1111 1591 1283 1676 lllustrem'
1300 1607 1361 1672 Re·

239 1741 313 1805 gem
329 1717 475 1804 Ungarie
496 1715 739 1800 amplexamur,
766 1712 853 1798 qnod
878 1715 959 1780 nihil
985 1717 1016 1782 ei
1033 1735 1161 1800 negare
1187 1715 1361 1800 possimus,

240 1827 326 1912 quod
349 1825 526 1892 secundum
542 1822 646 1889 Deum
674 1823 824 1906 cuiquam
850 1842 998 1889 essemus
1022 1823 1205 1908 Principum
1231 1842 1362 1890 conces·

240 1936 319 2001 suri.
344 1931 424 1998 Oum
451 1931 548 2015 igitur
574 1930 660 1995 idem
676 1931 746 1994 Rex
762 1912 918 2012 taurinam
933 1929 1091 2013 ,Princeps
1108 1930 1362 2006 Catholicnssa-

242 2063 329 2109 crum
346 2039 536 2124 religionem
554 2036 773 2104 cartusiensis
789 2035 939 2120 Ordinis,
965 2057 1028 2120 que
1049 2035 1155 2123 nuper
1167 2039 1199 2102 in
1216 2039 1362 2121 Regnum

242 2169 333 2216 suum
350 2145 526 2212 intravisse
541 2143 719 2210 dinoscitur
729 2143 930 2228 ,··desideret
954 2144 987 2210 in
1014 2144 1128 2211 eodem
1146 2144 1258 2230 Regno
1273 2145 1363 2231 plau·

242 2257 325 2338 tari,
343 2274 403 2321 uec
419 2252 462 2318 ad
479 2251 607 2319 edificia
624 2251 842 2318 construenda
868 2259 901 2319 et
928 2251 1078 2349 officinas
1094 2256 1302 2320 necessarius
1317 2252 1363 2318 in-

242 2364 353 2432 venire
370 2362 502 2428 valeant
518 2359 637 2424 iratres
654 2355 803 2425 eiusdem'
816 2355 948 2454 Ordinis
965 2363 1070 2427 locum
1086 2368 1216 2446 aptum,
1234 2381 1254 2428 a
1271 2361 1364 2429 nobis

244 2471 351 2538 dictus
366 2471 438 2536 Rex
455 2459 527 2534 cum
545 2467 701 2534 instantia
726 2471 925 2555 postulavit,
952 2479 988 2536 ut
1011 2471 1108 2556 su'per
1132 2459 1202 2536 hoc
1219 2469 1365 2536 eiusdem

244 2579 398 2646 iratribus
408 2575 579 2664 providere
590 2563 764 2644 salubriter
780 2597 977 2644 curaremus.
994 2577 1064 2644 Nos
1074 2597 1152 2662 ergo
1163 2579 1250 2664 pium
1262 2577 1367 2664 ipsius

244 2685 344 2768 Regis
361 2683 561 2770 propositum
578 2684 690 2768 dignis‘
712 2685 744 2749 in
764 2679 906 2754 Domino
923 2677 1076 2752 laudibus
1092 2685 1365 2766 commendantes,

246 2801 278 2858 et
294 2791 519 2874 attendentes,
546 2794 634 2874 quod
660 2793 890 2858 monasterium
915 2791 957 2860 de
982 2793 1089 2859 Erche
1106 2781 1237 2860 Ordinis
1254 2791 1366 2860 Sancti

245 2899 414 2967 Benedicti
431 2899 525 2967 situm
543 2899 576 2963 in
592 2899 704 2964 Insula
721 2901 782 2965 loci
798 2899 929 2984 secreti,
948 2901 1036 2984 qnod
1052 2901 1096 2967 ad
1111 2901 1289 2967 Romanam
1305 2901 1366 2966 Ec·

245 3009 379 3074 clesiam
395 3007 484 3073 nullo
502 3007 645 3091 pertinet
659 3006 834 3090 mediante,
852 3009 937 3076 adeo
955 3009 987 3074 iu
1005 3009 1228 3094 spiritualibus
1246 3015 1366 3076 etiem-

245 3117 413 3201 poralibue
428 3121 479 3182 est
495 3114 686 3199 collapsum,
704 3113 791 3196 quod
806 3117 897 3183 nullu
907 3101 991 3201 ‘spes
1008 3125 1058 3183 est
1074 3116 1116 3183 de
1133 3123 1253 3200 cetero,
1269 3123 1304 3182 ut
1319 3112 1367 3180 're-

246 3223 381 3290 formari
397 3224 429 3288 in
447 3220 568 3289 Ordine
586 3241 644 3288 suo
662 3223 767 3306 possit
777 3259 796 3307 ,·
811 3229 905 3308 prout
922 3232 1030 3290 vestre
1046 3225 1152 3290 littere
1168 3224 1262 3290 uobis
1279 3223 1368 3291 exhi·

245 3333 312 3399 bite
329 3326 560 3397 continebunt:
578 3329 783 3415 mandamns,
800 3337 961 3413 quatenus
978 3327 1114 3399 eundem
1125 3331 1368 3399 Oartusiensem

246 3431 389 3504 ordinem
408 3437 569 3508 inducetis
595 3437 628 3502 in
655 3438 889 3504 monasterium
906 3448 1139 3524 memoratum,
1155 3439 1307 3526 personis
1323 3438 1368 3506 ibi

247 3543 440 3627 degentibus
456 3543 642 3611 nolentibus
658 3546 806 3613 ordinem
822 3548 929 3633 ipsum
946 3563 1124 3634 assumere,
1144 3551 1178 3614 in
1193 3548 1275 3614 locis
1292 3547 1368 3613 aliis

246 3650 296 3716 sui
306 3647 428 3714 ordinis
440 3650 602 3717 collocare
610 3648 706 3736 (lgy).
714 3653 975 3722 contradictores
987 3661 1047 3720 etc.
1054 3655 1148 3735 Quod
1158 3655 1187 3721 si
1198 3674 1261 3720 nou
1272 3657 1368 3722 ambo

247 3757 447 3929 etcdDatum
458 3755 762 3839 AnagnieVI.ldus
779 3761 928 3844 Augusti.
946 3761 1158 3830 Pontificatus
1169 3762 1271 3830 nostri
1282 3779 1369 3831 sano

248 3866 310 3930 duo
335 3863 448 3930 ecimn.
884 3889 885 3894 ¹
945 3908 947 3914 r
1032 3865 1054 3875 ''

186 4075 188 4082 ·
226 4026 229 4034 ’
339 4055 1283 4137 (lxecrgelyplpnnegestlibol,Tneinnrid.m.1.l.1el.l.)

684 4323 927 4338 ..ι-*Ἢ-
