3184 5064
713 917 793 988 21³.

190 1118 404 1207 sempronii
418 1116 574 1205 copiolas
589 1118 761 1206 biscopitja
772 1167 781 1203 ,
806 1119 888 1207 liopy
903 1144 925 1184 u
948 1119 1043 1186 Laud
1061 1122 1229 1208 nemsetcdp
1245 1122 1314 1187 tddb
1421 1080 1423 1086 V

190 1230 293 1316 tcpp'oi
307 1251 329 1292 α
352 1228 513 1314 Veczpcm
532 1225 628 1314 folyd
640 1227 771 1296 mollero·
794 1226 971 1292 molmokat
999 1229 1122 1295 Zeldod
1146 1217 1316 1319 emtori

519 1335 703 1421 moeses
718 1333 858 1401 curros.
881 1335 981 1400 1258.

294 1531 489 1602 Uniuersum
507 1530 698 1619 capitulum
713 1531 970 1618 vesprimiensis
997 1531 1147 1601 Ecclesie
1162 1529 1313 1602 omuibus

186 1647 358 1727 presentes
374 1641 506 1707 litteras
526 1638 725 1727 inspecturis
741 1641 883 1707 salutem
901 1639 934 1705 iu
959 1641 1104 1708 omnium
1128 1641 1313 1708 Seluutors.

186 1747 238 1815 Ad
262 1748 486 1816 uniuersorum
512 1748 667 1816 noticiam
681 1753 796 1814 tenore
811 1748 1013 1834 presencium
1030 1748 1178 1815 volumus
1198 1765 1313 1836 perue-

186 1855 275 1922 nire:
300 1854 395 1935 Quod
411 1855 604 1925 Alexander
628 1855 715 1925 tilius
731 1855 836 1940 Buta,
863 1861 896 1923 et
909 1853 1074 1924 Omodeus
1093 1854 1177 1923 filius
1195 1857 1313 1940 Pouce,

186 1981 226 2031 ac
242 1963 431 2050 Stephanus
454 1962 541 2030 filius
556 1962 644 2032 Petri
661 1963 797 2031 Comitis
813 1983 872 2048 pro
888 1982 925 2031 se
942 1970 976 2032 et
990 1982 1048 2050 pro
1064 1964 1139 2032 eliis
1156 1961 1312 2032 iratribus

186 2071 254 2138 suis
274 2069 317 2138 de
335 2089 457 2156 genere
474 2071 578 2158 Laud,
599 2072 733 2157 cognati
753 2069 888 2136 Bulchw
902 2069 1072 2156 Episcopi,
1090 2089 1199 2138 corum
1216 2057 1312 2140 uobis

186 2175 354 2245 constituti
369 2179 475 2245 locum
491 2179 585 2247 unius
595 2177 775 2247 molendini
790 2179 887 2243 situm
899 2178 932 2245 in
941 2176 1040 2245 fluuio
1059 2175 1313 2266 wesprimiensi

184 2287 277 2353 iuxta
300 2285 520 2353 molendinum
546 2285 717 2355 Abrchcm
742 2292 875 2371 aparte
893 2285 1049 2372 inferiori,
1067 2294 1100 2356 et
1118 2307 1178 2355 sex
1189 2287 1313 2372 jugeru

184 2391 343 2461 terrdrum
361 2394 449 2461 circu
467 2395 574 2461 locum
594 2391 680 2481 (lgy)
707 2392 786 2459 dicti
803 2391 982 2460 molendini
998 2395 1095 2463 metis
1112 2392 1312 2462 circumdato

183 2502 315 2570 dominc
339 2509 451 2569 nostro
476 2502 602 2570 zlondo
628 2502 796 2589 Episcopo
822 2500 1059 2588 vesprimiensi
1084 2521 1145 2589 pro
1166 2502 1311 2588 quinque

184 2609 304 2675 mercis
328 2607 405 2676 boni
430 2611 559 2696 urgenti
583 2607 802 2678 uendiderunt
821 2611 854 2676 in
878 2613 1071 2695 perpetuum
1098 2610 1310 2696 possidendo,

183 2725 318 2802 receptu
333 2715 449 2785 eudem
466 2715 768 2804 pecuniuplencrie
783 2715 826 2782 ab
842 2715 965 2782 eodem.
997 2717 1036 2783 In
1062 2717 1153 2786 cuius
1172 2735 1231 2804 rcy
1246 2725 1310 2786 tos

183 2824 364 2910 timonium,
384 2831 419 2890 ut
436 2825 596 2892 memoris
611 2821 691 2889 fecti
707 2823 799 2889 uiuat
815 2821 903 2908 cpud
919 2829 1069 2909 posteros
1086 2824 1158 2892 sine
1173 2825 1310 2893 obliuio·

183 2952 234 3015 ne,
266 2938 437 3018 presentes
467 2931 595 2999 littores
620 2931 844 2998 concessimus
874 2927 976 3012 sigilli
1000 2931 1105 2997 nostri
1130 2931 1310 3000 munimine

183 3039 368 3106 roboratus.
390 3039 514 3109 Datum
539 3058 598 3124 per
613 3059 730 3106 manus
747 3036 895 3120 Magistri
910 3035 1043 3105 Roberti
1067 3037 1213 3108 Lectoris
1245 3039 1309 3107 Ec-

184 3147 286 3213 clesie
316 3152 446 3229 nostre,
478 3167 565 3215 anuo
595 3145 709 3234 grecie
729 3145 876 3215 M.OG.L.
904 3151 1033 3214 octeno.
1060 3147 1251 3216 Venerabili
1274 3149 1308 3217 iu

183 3253 312 3322 Christo
332 3259 428 3340 patre
444 3261 555 3324 nostro
570 3253 696 3321 Zlendo
707 3253 894 3342 Episcopo,
911 3253 1013 3320 Ferro
1031 3253 1225 3342 Proposito,
1246 3253 1307 3324 lao-

186 3359 332 3430 domerio
349 3362 510 3446 cartoro,
526 3355 675 3431 Iohcun‘c
691 3363 837 3433 Custode
853 3360 1079 3430 existentibus.

397 3555 541 3628 (Ercdetie
554 3575 572 3614 c
584 3555 745 3630 vesrprdmi
757 3554 895 3628 lrdptclsn
907 3554 1128 3630 levdltdrdbsu.)
1223 3601 1225 3606 .
1294 3607 1296 3612 .
