3154 5038
611 253 814 359 gna-1³„

179 447 313 520 gustata
330 441 372 507 in.
383 441 448 527 hijs
479 443 590 526 eliqua
620 447 669 512 rei
700 445 873 513 dulcedine
904 449 1101 516 sublenetur.
1121 452 1300 538 Cupientes

178 545 288 632 igitur,
307 555 342 636 ut
357 551 635 620 Ecclesiaaestra
651 555 685 618 in
701 555 795 619 Beati
808 555 1118 634 Martinilronorcm,
1135 567 1306 646 utpropcs
1394 557 1398 566 ’

178 654 284 745 nisis,¹
301 648 466 737 dedicata,
491 661 642 744 congruis
670 661 846 728 honoribus
873 661 1115 748 frequentetur,
1153 667 1301 735 omnibns

178 764 493 855 seresspenitentibns
511 773 544 832 et
559 767 731 852 confessis,
754 771 808 852 qui
826 770 1001 837 ecclesiam
1025 773 1131 856 ipsam
1160 774 1192 838 in
1205 757 1301 843 ,lesio

178 867 324 936 eins'dem
335 873 459 958 Sancti,
476 875 727 960 septemdiebns
745 880 969 962 sequentibus,
987 887 1019 946 et
1028 879 1060 946 in
1076 880 1301 950 anniversario

178 975 395 1047 dedicationis
410 981 516 1066 ipsias
524 983 682 1052 aeclesis
699 987 795 1053 annis
806 986 943 1078 singulis
968 988 1201 1076 venerabiliter
1225 993 1301 1058 visi-

177 1083 327 1170 tiauerint,
345 1089 386 1154 de
397 1086 636 1176 Omnipotentis
653 1093 715 1158 Dei
734 1094 961 1160 misericordia
978 1101 1012 1160 et
1027 1095 1202 1162 Beatorum
1213 1098 1300 1164 Petri

176 1189 270 1257 Pauli
288 1195 514 1277 Apostolorum
531 1199 811 1268 eiusauotoritate
833 1201 950 1284 ¹conlisi
961 1251 970 1284 ,
997 1193 1117 1268 annum
1143 1223 1240 1268 unum
1266 1212 1300 1270 et

176 1299 397 1385 quadraginta
421 1305 492 1370 dies
508 1307 549 1372 de
575 1307 720 1374 iniuncta
745 1309 809 1374 sibi
836 1309 1016 1394 penitentia
1041 1310 1296 1378 misericorditer

175 1408 370 1475 relaxamus.
395 1409 514 1478 Datum
532 1413 682 1498 Anagnia
698 1416 786 1483 Vlll.
814 1416 892 1484 Idus
909 1416 1062 1482 Octobris
1082 1417 1296 1488 'Pontificatns

175 1515 278 1579 nostri
296 1536 381 1583 anno
397 1519 552 1586 secundo.
598 1514 600 1520 ’
818 1533 821 1540 “

340 1692 484 1771 (Eredetie
498 1713 515 1751 e
527 1696 743 1755 ssent-mirioni
757 1697 910 1773 fdspdtsdg
923 1697 1145 1793 leyeltsrsban.)

615 1993 857 2008 ——n--nu—

170 2599 200 2665 A
216 2602 349 2690 Somopy
363 2607 481 2692 mepyec'
496 2607 614 2670 Kozma
624 2610 656 2670 cs·
663 2585 899 2673 Jcnoolvcaka
907 2612 979 2696 fiai,
996 2635 1016 2674 a
1025 2613 1292 2700 azc'keafelzdrcdri

325 2711 481 2798 kdptolon
497 2713 570 2778 aldit
586 2707 881 2802 oeztdlye'yye'sedprc
900 2718 1017 2803 lones.
1035 2722 1132 2786 1256.
1230 2727 1232 2732 '
1265 2741 1270 2748 ·

222 2903 224 2908 ’
276 2911 460 2998 Capitulum
477 2913 627 2980 Ecclesie
651 2910 807 2980 Alliensis
833 2913 981 3002 omnibus
999 2915 1119 2984 Ohristi
1135 2915 1288 2992 fidelibus

168 3039 304 3106 presens
321 3005 477 3106 script-um
505 3021 718 3106 inspecturis,
737 3023 875 3093 salutem
894 3024 925 3086 in
942 3024 1083 3090 omnium
1102 3023 1287 3106 Salvatore.

170 3127 274 3194 Omne
290 3127 380 3211 quod
395 3127 521 3194 roboris
537 3111 689 3195 firmitate
705 3131 832 3214 appetit
857 3131 1015 3214 stabiliri,
1042 3139 1092 3198 est
1118 3139 1286 3198 consenta-

169 3251 263 3301 neum
280 3234 413 3318 racioni,
432 3235 618 3303 testimonio
636 3237 854 3304 conmendare
871 3238 1071 3321 litterarum,
1099 3244 1135 3301 ut
1150 3239 1197 3302 sic
1212 3257 1287 3303 con-

105 3360 113 3378 ·
167 3347 219 3408 tra
232 3342 378 3427 ¹maligne
396 3340 569 3408 oblivionis
585 3331 792 3426 paralitatem
803 3343 958 3410 memorie
968 3351 1156 3410 cunctorum
1180 3344 1288 3427 possit

167 3449 408 3534 inperpetuum
425 3451 619 3532 presentari.
644 3449 716 3526 Quo
734 3450 821 3514 ciro'a
838 3447 1160 3516 vniversitetivestre
1174 3455 1287 3516 tencre

167 3556 371 3641 presencium
387 3554 798 3621 duximusdeclarandum:
822 3553 917 3639 Quod
926 3553 1053 3622 nobiles
1074 3542 1158 3639 siri,
1183 3557 1287 3637 magi-

167 3661 414 3729 sterOosmaset
424 3659 677 3727 lohannesfilins
688 3645 1059 3746 (rgy)comili's1wanla
1070 3661 1111 3728 de
1123 3660 1286 3730 Comitatu

167 3769 353 3856 simigiensi
385 3770 425 3835 de
451 3769 605 3854 Goaanya
622 3788 728 3834 coram
746 3769 840 3835 nobis
857 3770 1075 3852 personaliter
1091 3769 1285 3850 constitutis,

165 3880 303 3945 relatam
319 3879 414 3945 nobis
440 3877 547 3944 extitit
562 3896 621 3963 per
644 3877 777 3945 eosdem
802 3884 835 3944 et
857 3879 1070 3962 propositum,
1095 3876 1181 3961 quod
1207 3878 1286 3946 licet

166 3987 250 4053 inter
282 3987 416 4053 eosdem
448 3995 582 4053 actenus
613 3987 702 4070 rixe,
735 3987 964 4054 contenciones
996 3993 1029 4052 et
1059 3983 1285 4053 dissensiones

165 4099 251 4162 mctc
281 4101 314 4160 et
343 4095 502 4163 ventilate
533 4095 744 4176 exstitissent,
785 4087 894 4162 tamen
926 4115 985 4179 per
1015 4094 1284 4180 composicionem

167 4209 201 4268 et
229 4201 473 4269 ordinacionem
507 4202 678 4286 proborum
705 4201 874 4268 hominum
892 4199 1001 4268 taliter
1025 4203 1109 4269 inter
1143 4220 1179 4266 sc
1210 4219 1283 4263 con·

167 4313 374 4378 cordassent:
416 4309 458 4375 Vt
488 4329 598 4376 omnes
631 4328 750 4376 causas
780 4297 837 4377 seu
865 4311 966 4378 moles
987 4329 1094 4392 nsque
1118 4323 1203 4372 nunc
1227 4297 1285 4369 hass

166 4417 254 4484 bites
272 4425 375 4484 motas
393 4425 425 4484 et
440 4419 580 4484 inmotas
595 4423 663 4482 tam
679 4416 810 4484 racione
826 4419 1047 4502 dampnorum,
1065 4433 1161 4497 quam
1183 4411 1283 4478 ctiam

166 4524 304 4592 aliarum
336 4525 554 4610 quarumlibet
577 4544 748 4592 causarum
784 4527 915 4592 habitas
931 4516 1040 4590 matria
1056 4519 1283 4587 vicissitudine
1399 4557 1403 4563 -

166 4632 292 4718 sopitas
309 4641 341 4702 et
355 4635 492 4702 sedatas
512 4633 742 4719 reddiderunt,
768 4635 1007 4718 possessionem
1028 4623 1283 4802 gtiamipsorum

1007 4737 1025 4804 1
