3220 5058
737 279 783 348 45

202 474 244 542 de
269 475 489 544 servientibus
514 476 582 543 suis
607 473 787 544 nitentibus
803 496 877 543 eum
892 475 1067 546 detondere
1076 523 1087 560 ,
1102 475 1202 562 impie
1217 475 1319 542 truci-

201 585 329 670 dantes,
346 583 514 652 cuiusdam
529 583 682 651 monachi
697 584 883 653 sacerdotis
890 633 900 670 ‚
914 583 972 670 qul
986 603 1024 652 se
1039 581 1086 652 ad
1100 582 1323 652 defensionem

202 691 325 780 ipsius,
339 697 374 758 ut
387 699 528 777 poterat,
544 693 751 779 opponebat,
777 693 891 760 derue
907 712 1024 762 manus
1040 690 1159 780 digitos
1174 699 1322 780 amputa·

203 808 291 881 runt,
308 801 472 870 nonnullis
487 799 534 867 ibi
548 799 669 866 relictis
686 803 830 868 letaliter
845 799 1044 888 vulneratis,
1061 807 1094 869 et
1109 801 1157 868 sic
1172 803 1324 868 innocen·

202 917 269 977 tum
284 908 445 993 sauguine
462 908 621 976 ementati
636 909 829 977 recedentes
845 931 866 978 a
882 909 962 977 cede
978 907 1023 976 od
1038 907 1177 976 eundem
1192 907 1325 996 Episco-

202 1037 277 1106 pum
295 1017 502 1102 aulugernut,
518 1021 614 1100 prout
630 1016 804 1082 eorundem
822 1015 987 1084 Abbatum
1004 1015 1150 1083 exhibite
1165 1015 1259 1082 nobis
1274 1015 1324 1082 lit·

202 1132 271 1193 tere
288 1123 506 1192 continebant.
532 1122 634 1202 Quum
650 1123 749 1208 igitur
765 1144 829 1190 vox
846 1123 939 1191 effusi
955 1121 1126 1208 sauguinis
1143 1125 1265 1190 clamat
1280 1120 1337 1192 od.

201 1253 261 1302 nos
276 1233 318 1300 de
334 1241 440 1317 terra,
466 1252 526 1300 nos
552 1233 703 1300 nolentes
719 1238 810 1298 tante
827 1232 1059 1300 tenerositatis
1075 1251 1246 1298 excessum
1264 1231 1323 1298 sub

202 1338 460 1409 dissimulatione
474 1341 629 1426 transire,
647 1341 723 1426 quin
740 1341 845 1427 ipsum
861 1343 967 1428 potins
985 1343 1131 1408 volentes
1146 1339 1324 1408 severitate

203 1449 314 1516 debita
338 1449 513 1534 castigari,
532 1447 745 1531 mandamus,
772 1456 931 1533 quatenns
958 1451 1126 1534 predictos
1143 1447 1323 1532 sacrilegos

205 1560 238 1620 et
253 1575 365 1622 omnes
380 1575 516 1638 quornm
532 1574 595 1638 ope
611 1555 717 1622 scelus
742 1564 792 1622 eat
816 1556 1001 1640 hujusmodi
1025 1561 1246 1643 perpetratum
1257 1601 1266 1636 ‚
1291 1557 1323 1618 et

206 1662 260 1746 qui
275 1663 309 1728 in
324 1662 385 1729 hoc
400 1663 612 1748 prestiterunt
627 1661 803 1748 auxilium,
824 1663 992 1728 consilium
1014 1663 1069 1730 vel
1092 1663 1258 1744 savorem,
1275 1657 1323 1726 la·

204 1769 299 1837 cistis
314 1789 373 1855 per
390 1769 645 1853 strigoniensem
661 1770 881 1852 provinciam,
907 1777 941 1836 et
955 1771 1024 1836 alia
1038 1769 1131 1854 loca,
1156 1766 1323 1851 inquibus

203 1876 359 1963 expedire
383 1876 549 1960 videritis,
574 1877 713 1964 pulsatis
739 1878 908 1962 campanis
933 1884 967 1944 et
992 1875 1139 1944 candelis
1163 1875 1324 1953 accensis,

202 1986 338 2070 singulis
355 1983 470 2051 diebus
487 1973 656 2051 dominicis
680 1991 714 2052 et
739 1981 867 2052 festivis
893 1985 1187 2052 excommunicatos
1207 1983 1323 2050 solem-

202 2093 287 2158 niter
305 2092 453 2157 nunciari
462 2141 471 2174 ‚
497 2097 530 2156 et
554 2092 677 2158 tamdiu
692 2091 736 2158 ab
751 2093 901 2176 omnibus
918 2093 1042 2160 arctius
1058 2093 1193 2167 evitari,
1219 2089 1324 2156 donec

203 2199 392 2287 Apostolico
417 2219 454 2266 se
479 2201 667 2284 conspectui
681 2208 929 2286 representem,
954 2203 1026 2268 Deo
1052 2207 1085 2268 et
1110 2198 1258 2266 Ecclesie
1284 2215 1324 2262 ac

201 2307 265 2394 ipsi
282 2307 480 2374 monasterio
493 2305 545 2373 de
570 2313 637 2372 tam
654 2308 755 2374 atroci
773 2307 892 2376 iniuria
907 2308 1165 2376 satisfactionem
1180 2305 1322 2375 debitam

202 2415 390 2500 impensuri3
405 2415 481 2481 loca
497 2414 607 2500 otiam,
624 2415 668 2481 ad
683 2435 747 2500 que
757 2415 848 2500 ipsos
859 2415 1012 2483 devenire
1022 2415 1202 2498 contigerit,
1212 2433 1324 2498 quam·

202 2524 258 2590 din
274 2523 319 2590 ibi
333 2524 462 2606 suerint,
479 2525 672 2610 supponatis
689 2523 913 2590 ecclesiastico
929 2523 1112 2590 interdicto.
1129 2521 1172 2588 Et
1188 2522 1267 2604 quia
1278 2520 1324 2586 di·

204 2639 273 2698 ctus
291 2631 472 2717 Episcopus
489 2649 652 2716 expensas
669 2629 713 2697 ad
729 2632 917 2697 mandatum
945 2628 1164 2716 predictorum
1183 2627 1323 2694 indicum

203 2761 267 2807 non
283 2741 426 2822 exolvit,
453 2745 487 2804 et
501 2743 568 2805 tam
584 2739 674 2824 ipsc,
699 2759 796 2824 quam
812 2740 981 2806 Cornelius
997 2743 1029 2804 ct
1044 2735 1196 2803 monachi
1212 2753 1324 2819 eupra-

203 2847 282 2914 dicti
305 2849 340 2914 in
364 2844 488 2932 prolixo
515 2847 577 2914 sibi
604 2847 742 2913 termino
758 2847 802 2914 ad
818 2846 936 2916 Sedem
950 2845 1174 2933 Apostolicam
1190 2863 1256 2910 non
1271 2861 1324 2910 ve-

163 3007 165 3014 .
202 2963 335 3041 nerunt,
360 2961 493 3041 propter
518 2954 606 3036 quod
630 2977 651 3020 a
676 2954 773 3022 dictis
799 2955 960 3022 iudicibus
981 2956 1108 3023 vinculo
1125 2954 1255 3020 luerunt
1269 2969 1324 3016 ex-

203 3063 503 3132 communicationis
529 3063 674 3147 astricti,
699 3071 794 3149 prout
809 3065 842 3130 in
859 3065 983 3132 eisdem
999 3063 1117 3130 litteris
1133 3061 1325 3138 continetur,

202 3175 291 3260 ipsos
307 3169 604 3238 excommunicatos
619 3171 744 3238 tamdiu
760 3171 951 3238 solemniter
966 3167 1146 3252 nuncietis,
1173 3175 1206 3234 et
1225 3165 1325 3232 lacia-

201 3279 245 3346 tis
260 3281 303 3345 ab
320 3280 470 3346 omuibus
486 3279 608 3346 arctius
625 3276 763 3362 evitari,
789 3279 893 3346 donec
911 3277 1129 3363 personaliter
1144 3292 1253 3338 coram
1268 3289 1325 3336 no·

201 3385 254 3452 bis
271 3391 481 3470 compareant
497 3385 683 3452 meritorum
699 3404 829 3451 snorum
845 3383 1013 3468 stipendia
1027 3379 1200 3465 recepturi.
1227 3377 1269 3444 Et
1284 3395 1325 3442 ue

202 3495 387 3582 persecutio
403 3501 471 3560 tam
487 3494 610 3560 atrocia
627 3491 744 3558 iniurie
760 3511 818 3577 pro
835 3488 966 3556 defectu
983 3507 1200 3576 expensarum
1224 3487 1323 3572 impe·

188 3601 266 3668 ,diri
281 3600 392 3668 valeat
407 3601 461 3668 v'el
478 3602 578 3666 etiarn
597 3599 774 3681 retardari,
791 3599 884 3664 fratri
899 3597 996 3666 Petro
1014 3597 1110 3663 latori
1125 3596 1324 3684 presentium
1410 3661 1412 3664 .

204 3719 237 3778 ot
252 3710 379 3776 duobus
393 3708 448 3774 vel
463 3705 565 3774 tribus
583 3706 659 3774 aliis
676 3707 818 3774 eiusdem
841 3705 1029 3773 monasterii
1054 3704 1241 3787 monachis,
1267 3702 1323 3768 hu·

204 3816 345 3888 iusmodi
369 3815 537 3901 negotium
561 3816 852 3901 prosequentibus,
878 3815 1010 3883 iacietis
1035 3813 1194 3882 debonis
1219 3811 1323 3898 ipsius

204 3927 360 4014 Episcopi
376 3943 542 4010 expensas
559 3923 602 3990 ad
617 3925 876 4009 prosecutionem
893 3925 1016 4007 negotii
1036 3923 1241 3990 necessarias
1266 3921 1322 3986 mi·

203 4033 355 4119 nistrari,
374 4033 628 4102 contradictores
646 4039 705 4098 etc.
723 4033 840 4098 Verum
856 4033 933 4116 quia
948 4031 982 4096 in
996 4032 1164 4116 premissis
1180 4025 1323 4093 excessi·

203 4146 263 4212 bus
280 4143 428 4230 ejusdem
445 4141 600 4228 Episcopi
615 4141 732 4208 dicitur
749 4159 822 4208 esse
837 4160 964 4224 manus,
978 4141 1125 4205 volumus
1142 4143 1176 4200 et
1190 4132 1323 4199 manda-

201 4271 292 4336 mus,
318 4260 353 4320 ut
368 4260 437 4318 tam
452 4249 493 4317 de
509 4250 658 4334 personis
666 4297 676 4332 ,
704 4269 767 4332 que
782 4247 972 4332 hujusmodi
986 4243 1143 4330 flagitium
1159 4238 1325 4304 commise-

152 4422 155 4430 .
203 4367 296 4445 runt,
314 4379 411 4445 quarn
426 4359 575 4442 illoram,
591 4357 647 4440 qui
663 4355 696 4422 in
712 4355 774 4423 hoc
790 4355 951 4438 dederunt
968 4353 1148 4428 consilium,
1168 4345 1324 4412 auxillum

203 4470 257 4538 vel
272 4469 417 4535 favorem
426 4519 435 4553 ,
462 4474 566 4532 utrum
585 4465 670 4530 idem
690 4461 876 4548 Episcopus
893 4460 1026 4528 cosdem
1043 4453 1222 4535 sacrilegos
1237 4469 1324 4518 rece·

204 4580 329 4666 piavit,
355 4597 395 4644 ac
420 4578 460 4642 de
488 4572 639 4640 omnibus
662 4569 914 4638 circumstantiis
937 4563 1061 4652 negotii
1075 4557 1325 4643 diligentissimo
