3184 5064
783 889 864 957 214.

253 1086 471 1176 Aesopeos
484 1039 642 1174 soporum
658 1087 852 1174 bizooyitja‚
877 1085 957 1174 tropy
982 1085 1096 1152 Misko
1120 1087 1198 1173 prof
1209 1084 1275 1171 fiai
1296 1085 1396 1151 Poter-

252 1175 412 1266 qrosfioit
427 1179 549 1265 Mur-pit
564 1177 698 1243 ηὸυένὸΙι
714 1175 832 1242 hirtos
849 1177 1050 1242 tekiotstlboo
1066 1199 1088 1242 a
1105 1176 1205 1242 horott
1227 1173 1313 1243 stolo
1336 1179 1387 1242 έν·

566 1267 712 1333 ίοῑπιέῦοπ
727 1266 947 1354 kisltpitettek.
972 1265 1070 1332 1258.

358 1461 428 1536 Nos
441 1464 634 1552 Capitulum
640 1461 897 1552 vesprimiensis
908 1462 1062 1532 Euolesie
1073 1463 1190 1532 domus
1202 1482 1263 1549 pro
1273 1482 1394 1531 memo·

255 1573 317 1658 ris,
333 1571 420 1678 quod
433 1573 612 1657 Gregorius
622 1571 707 1640 tilius
720 1569 806 1642 Petri
817 1571 956 1641 Comitis
967 1591 1078 1640 uorum
1089 1570 1185 1641 nobis
1196 1572 1395 1640 constitutus

256 1700 316 1768 pro
333 1699 370 1750 se
384 1689 417 1750 et
433 1701 493 1768 pro
509 1683 609 1749 Petro
628 1681 755 1751 Gemite
771 1679 874 1749 frstre
888 1699 969 1768 suo,
986 1681 1163 1768 Feldyrioo
1172 1731 1182 1765 ‚
1210 1680 1258 1748 sio
1282 1687 1315 1748 et
1327 1700 1392 1766 pro

256 1790 395 1864 Andros
411 1789 567 1860 frutribus
583 1792 653 1858 suis
668 1790 814 1860 asseruit
829 1791 905 1858 vivs
920 1807 1003 1858 roos
1012 1838 1022 1875 ,
1047 1786 1134 1872 quod
1160 1806 1235 1854 oum
1259 1789 1332 1873 ipse
1357 1795 1394 1856 et

255 1897 428 1983 prenotati
445 1897 564 1966 tratres
575 1899 625 1965 sui
642 1898 826 1966 movissent
842 1916 979 1966 oausam
995 1903 1111 1966 eontra
1125 1897 1250 1964 Abram
1272 1903 1306 1964 et
1328 1899 1393 1965 Re-

257 2004 391 2074 uoldum
406 2004 493 2076 iiiios
509 2006 619 2074 Miska
636 2005 785 2088 comitis,
802 2007 1001 2092 requirendo
1022 2005 1065 2073 sb
1082 2004 1209 2074 eisdem
1233 2003 1342 2072 dotem
1359 2011 1396 2072 et

261 2134 314 2184 res
329 2115 592 2202 perspherneles
610 2116 743 2186 domine
759 2113 969 2200 Margarethe
984 2113 1107 2182 sororis
1131 2111 1295 2198 ipsorum,
1322 2111 1393 2182 filie

258 2221 338 2291 dieti
353 2222 444 2289 Petri
459 2222 608 2310 comitis,
627 2225 739 2290 uxoris
764 2222 875 2291 Miska
891 2221 1037 2299 Comitis,
1057 2240 1167 2288 eorem
1183 2219 1316 2288 domino
1332 2241 1392 2289 uo·

256 2337 326 2398 stro
342 2327 518 2416 (Zelsudo)
536 2332 701 2420 Episcopo
717 2331 972 2418 vesprimiensi3
998 2330 1118 2398 eedem
1144 2348 1246 2396 osusu
1274 2347 1390 2398 seeun-

259 2439 336 2507 dum
352 2439 556 2506 sentenoium
571 2440 714 2525 predicti
730 2437 853 2509 domini
868 2439 974 2506 nostri
990 2438 1149 2524 Episcopi
1169 2437 1280 2505 taliter
1306 2439 1389 2506 erti·

258 2547 299 2614 tit
330 2543 505 2614 ordinatur
538 2547 625 2630 quod
649 2548 790 2636 predioti
807 2538 878 2613 'filii
909 2546 1020 2615 Misks
1051 2545 1190 2614 Comitis
1221 2547 1391 2614 solverunt

257 2653 376 2742 viginti
392 2659 427 2723 ot
441 2652 587 2740 quinque
603 2675 732 2725 maross
749 2675 860 2723 eorum
877 2655 977 2746 nobis
991 2675 1052 2740 pro
1068 2653 1147 2722 dote
1163 2659 1197 2721 ot
1212 2655 1312 2722 rebus
1328 2675 1387 2740 pa-

256 2760 510 2850 rsphoruslibus
542 2762 676 2832 domiue
700 2762 913 2848 Margarethe
928 2783 1027 2851 super
1044 2763 1142 2848 dote;
1169 2767 1203 2829 et
1227 2760 1276 2829 sie
1299 2762 1389 2832 idem

258 2871 437 2956 Gregorius
463 2868 547 2966 dixit
572 2871 676 2940 fuisse
702 2869 909 2942 satisfactum
935 2870 1005 2956 ite,
1036 2869 1125 2954 quod
1141 2868 1183 2936 de
1199 2877 1309 2938 oetero
1325 2891 1388 2938 neo

258 2985 331 3066 ipse
349 2977 538 3064 Gregorius,
555 2999 616 3048 neo
633 2979 751 3046 iratres
766 2979 819 3046 sui
835 2977 988 3064 predicti,
1004 2996 1067 3044 neo
1087 2978 1264 3063 quisquam
1280 2978 1322 3046 de
1338 2997 1390 3045 oo·

257 3081 365 3172 grisiis
380 3086 526 3172 ipsorum
541 3086 708 3170 prediotos
719 3083 805 3155 filios
821 3085 930 3154 Misks
947 3086 1082 3154 Comitis
1098 3086 1232 3154 rasione
1248 3085 1336 3156 dotis
1355 3094 1389 3154 et

258 3214 366 3265 rerum
381 3193 669 3281 paraphernalium
685 3194 813 3280 prefate
840 3193 974 3262 domiue
997 3196 1121 3279 poterit
1144 3193 1303 3280 impetere
1327 3213 1391 3262 seu

258 3303 443 3371 molestare.
474 3301 596 3370 Datum
614 3311 733 3386 quarta
748 3301 832 3371 ferie
847 3301 1005 3386 proxime
1020 3309 1097 3390 post
1116 3308 1252 3372 oetams
1271 3301 1391 3372 Ssneti

260 3409 450 3494 Mioheolis‚
483 3429 571 3478 enno
602 3411 713 3496 gruoie
744 3410 918 3479 millesimo
940 3409 1166 3478 ducentesimo
1191 3408 1392 3498 quinquege-

260 3519 346 3588 simo
363 3527 493 3586 octauo.
518 3516 555 3584 Iu
571 3517 605 3584 S.

318 3711 444 3786 (Religio
456 3710 539 3786 e‘gyh.
558 3711 588 3772 61
600 3712 671 3772 irod.
692 3710 837 3786 folyoirst
852 3709 933 3768 1854.
955 3711 999 3768 43.
1013 3727 1053 3766 su.
1081 3712 1143 3770 832.
1158 3711 1216 3785 lep.
1230 3713 1333 3786 Greek)
