3140 5044
715 1008 795 1075 lac.

430 1205 533 1292 Roper
547 1203 685 1292 apolatoe'
701 1205 787 1270 eset
806 1203 916 1270 iactate.
933 1205 1032 1270 1257.

281 1401 376 1467 Anno
401 1400 571 1469 Dominice
603 1399 841 1467 incarnationis
880 1399 1053 1468 millesimo
1079 1399 1300 1468 ducentesimo

178 1509 447 1592 quinquagesimo
464 1507 611 1592 septimo.
644 1507 827 1573 indictione
843 1505 1119 1592 quintadecima,
1136 1506 1190 1573 die
1206 1513 1299 1574 sexto

178 1634 290 1683 mense
315 1615 442 1683 hlartio.
474 1619 646 1699 Regnantc
672 1613 803 1681 domino
831 1621 941 1680 nostro
974 1615 1056 1682 Bela
1081 1617 1297 1682 serenissimo

178 1723 268 1806 Rege
285 1721 444 1807 Ungarie.
475 1723 691 1808 Temporibus
711 1722 834 1789 domini
858 1721 992 1806 Rogerii
1016 1721 1215 1789 venerabilis
1240 1723 1298 1788 Αι-

178 1829 380 1915 chiepiscopi
406 1817 632 1915 Spalatensis,
660 1828 820 1912 Stephani
844 1827 980 1894 illustris
1006 1827 1089 1893 Bani
1114 1827 1299 1912 Sclavonie,

179 1935 313 2003 Comitis
330 1936 483 2003 Guitonis
500 1937 635 2004 Comitis
660 1936 830 2003 hlodrusse
855 1942 888 2002 et
912 1934 1078 2002 Viuodolii
1107 1937 1297 2022 Potestatis,

176 2041 265 2110 Dese
282 2043 463 2130 Michaelis,
479 2045 568 2112 Petri
585 2045 763 2128 Cerneche,
780 2043 888 2111 Dobre
904 2045 1042 2110 Dostize
1055 2043 1214 2111 Indicum.
1230 2045 1301 2110 Nos

177 2150 339 2234 Rogerius
370 2149 435 2218 Dei
454 2151 563 2237 gratia
594 2153 871 2236 Archiepiscopus
903 2149 1109 2236 spalatensis
1141 2153 1301 2218 universis

174 2276 309 2340 presens
326 2256 572 2326 instrumentum
588 2259 784 2344 inspecturis
801 2259 943 2326 salutem
966 2259 1000 2323 in
1026 2257 1175 2326 Domino.
1194 2257 1300 2337 Quum

175 2361 295 2432 dudum
312 2385 451 2433 murmur
467 2373 501 2433 et
515 2385 623 2432 rumor
640 2366 756 2432 tamin
772 2365 871 2450 clero,
885 2385 982 2450 quam
998 2365 1032 2431 in
1049 2367 1169 2452 populo
1179 2367 1299 2435 multus

174 2477 274 2558 esset,
292 2473 378 2556 quod
394 2473 565 2540 Prodanus
581 2473 845 2558 archipresbiter
864 2474 1028 2556 quendam
1049 2473 1216 2559 lapidem,
1242 2473 1299 2558 qui

175 2597 297 2664 gaman
312 2579 493 2663 vulgariter
511 2579 700 2662 dicebatur,
728 2579 769 2647 de
792 2599 924 2646 camera
949 2579 1096 2646 Ecclesia
1121 2580 1300 2665 recepisset

179 2693 212 2752 et
227 2687 437 2755 distraxisset
461 2689 552 2754 illum
569 2708 628 2773 pro
644 2706 702 2752 suc
718 2686 853 2754 arbitrio
873 2687 1050 2754 voluntatis
1060 2733 1069 2767 ,
1095 2688 1203 2772 ipsum
1228 2687 1298 2772 plu-

158 2793 242 2862 ries
258 2801 412 2881 presente
427 2797 514 2861 clero
532 2801 565 2861 et
580 2793 700 2879 populo
716 2795 828 2860 vocari
844 2794 981 2860 fecimus
997 2812 1107 2860 coram
1122 2794 1229 2876 uobis,
1244 2795 1298 2877 qui
1323 2861 1329 2875 ,

174 2899 221 2965 sic
237 2901 269 2970 in
285 2907 399 2966 nostra
414 2907 448 2967 et
464 2900 607 2984 ipsorum
623 2897 792 2984 presentia
807 2899 1016 2980 recognovit:
1041 2896 1135 2978 Quod
1150 2920 1224 2967 cum
1239 2901 1298 2967 Ar·

177 3006 390 3074 chidiaconus
406 3013 439 3073 et
455 3007 640 3093 Capitulum
657 3007 733 3072 olim
749 3009 793 3074 ad
808 3025 889 3090 opus
905 3009 1055 3075 Ecclesia
1070 3007 1140 3075 fieri
1150 3009 1298 3077 facerent

178 3115 341 3197 quandam
359 3133 503 3199 crucem,
521 3121 556 3180 ut
571 3113 614 3181 ad
629 3113 779 3180 decorem
796 3100 899 3198 ipsin's
909 3123 1084 3198 poneretur
1094 3117 1127 3181 in
1139 3136 1189 3198 ee,
1206 3118 1298 3184 illum

177 3221 321 3306 lapidem
336 3229 546 3308 receperunt,
564 3227 597 3286 et
611 3240 676 3286 uon
694 3229 745 3288 est
759 3223 793 3286 in
810 3240 870 3302 ea,
895 3222 974 3305 quia
999 3229 1071 3289 erat
1087 3223 1218 3290 inabilis
1235 3225 1297 3291 col-

171 3327 318 3415 locatus,
336 3337 388 3396 set
404 3326 490 3415 (lgy)
514 3329 674 3395 remansit
689 3347 747 3414 per
763 3330 926 3410 quandam
951 3329 1110 3396 incuriam
1135 3337 1168 3396 ct
1193 3331 1297 3416 negli-

172 3436 316 3519 gentiam
334 3457 436 3522 penes
453 3437 576 3522 ipsum;
596 3437 728 3503 tandem
746 3457 817 3501 cum
834 3437 920 3502 bone
941 3437 1094 3504 memorie
1112 3439 1297 3523 Stephanus

173 3541 406 3628 Zagrahiensis
432 3546 615 3630 Episcopus
640 3544 684 3609 ad
700 3551 812 3628 partes
828 3544 912 3611 istas
928 3543 1128 3628 advenisset,
1149 3553 1180 3610 et
1195 3547 1297 3612 multa

173 3649 314 3718 donaria
338 3653 371 3718 in
398 3653 515 3738 pannis
538 3661 571 3718 et
588 3653 703 3720 sericis
721 3658 753 3716 ct
768 3649 843 3718 aliis
860 3651 1010 3718 Ecclesia
1025 3660 1136 3720 nostre
1153 3643 1295 3738 iecisset,

174 3763 339 3824 ostensum
357 3759 419 3825 sihi
435 3759 579 3844 lapidem
594 3758 695 3842 vidit,
719 3755 824 3824 visum
846 3757 1013 3844 laudavit,
1037 3759 1205 3827 laudatum
1223 3781 1296 3828 cona

173 3864 295 3948 cupivit
310 3871 343 3930 et
360 3865 477 3932 habuit
493 3866 710 3950 concupitum,
728 3885 790 3930 non
808 3871 919 3931 tamen
935 3865 1072 3932 eredidit
1086 3867 1172 3933 idem
1183 3869 1297 3938 Archi·

171 3969 365 4067 presbyter,
383 3973 470 4054 quod
485 3974 597 4058 magni
620 3973 743 4039 valoris
768 3974 922 4039 existeret
948 3975 1034 4060 lepis
1060 3976 1123 4059 ille,
1160 3985 1209 4043 set
1233 3975 1297 4044 hoc

172 4097 285 4162 agens,
301 4085 336 4144 ut
349 4078 454 4164 ipsum
471 4081 670 4165 Episcopum
687 4081 732 4146 ad
748 4079 932 4146 donandum
945 4081 1092 4147 alliceret
1108 4083 1245 4168 potiora,
1262 4090 1295 4148 et

171 4184 303 4252 simale
321 4185 477 4271 iecisset,
496 4207 594 4272 super
611 4187 671 4252 hoe
688 4205 724 4253 se
740 4170 861 4253 nostris
878 4187 1095 4274 beneplacitis
1116 4189 1294 4256 committe-

170 4288 237 4356 bat.
262 4291 380 4358 Vcrnm
397 4313 469 4360 cnm
486 4295 529 4359 ab
546 4294 609 4359 hiis
626 4293 734 4360 verbis
750 4294 882 4378 plurimi
898 4294 1131 4382 discreparent,
1147 4305 1180 4361 et
1204 4315 1295 4364 esse-

170 4403 278 4464 rerent
292 4399 388 4466 aliter
404 4383 478 4466 esse
494 4399 624 4484 iactum,
642 4401 798 4466 Venetiae
815 4401 963 4468 misimus
980 4412 1012 4468 et
1028 4404 1118 4484 alibi,
1135 4409 1167 4469 et
1183 4401 1294 4486 nequi·

170 4503 277 4572 vinnm
304 4505 423 4572 exinde
439 4505 564 4588 aliquid
580 4506 735 4591 reperiri;
760 4510 944 4592 recepimus
960 4511 1164 4592 postmodum
1184 4511 1296 4593 plures

169 4611 299 4681 litteras
314 4611 448 4678 fratrum
466 4613 707 4681 Predioatorum
726 4613 767 4679 de
783 4613 932 4699 Unger-ia
943 4641 961 4699 ,f
978 4615 1064 4696 qnod
1088 4621 1197 4681 notum
1225 4623 1295 4680 erat

232 4733 544 4780 uouemssnoursu.
560 4755 584 4766 -
600 4735 679 4778 nisu.
695 4740 715 4777 r.
1096 4723 1136 4786 19
