3154 5030
727 293 858 394 Ei...

222 511 293 562 mus
309 496 341 559 et
356 471 567 558 obsecramus
583 490 615 556 in
630 481 769 557 Domino
784 491 864 558 lesu
875 488 1013 573 Christo,
1030 491 1118 574 quod
1130 490 1173 558 ad
1183 474 1340 561 unitatem

222 601 438 668 Sacrosancte
454 599 599 664 Romane
615 597 765 665 Ecclesie
780 596 885 663 redire
901 617 965 663 non
976 596 1117 681 differas,
1134 617 1194 666 nec
1210 607 1341 684 reputes

222 707 380 785 otiosum,
406 704 494 789 quod
509 727 530 772 a
546 705 641 771 nobie
657 705 690 770 iu
706 705 768 771 hae
784 711 878 789 parte
894 702 1006 771 diebus
1036 704 1108 770 istis
1124 705 1338 790 inspiratione

223 815 344 898 Divina
360 814 403 880 de
419 814 552 880 fratrum
578 821 760 880 nostrorum
777 813 923 889 consilio,
940 812 1116 880 sitientium
1133 803 1348 880 illuminatio-⁶
1441 817 1447 822 “

221 940 295 988 nem
323 931 413 989 tuam
440 921 615 1008 populique
630 921 689 988 tibi
716 921 874 1003 subiecti,
899 939 965 987 non
980 919 1051 986 sine
1068 934 1236 987 sacrarum
1260 923 1340 989 scri·

221 1039 389 1118 pturarum
405 1038 455 1097 cst
471 1030 667 1097 auctoritate
678 1029 853 1114 provisum.
880 1028 952 1094 Non
969 1027 1055 1094 enim
1080 1035 1189 1094 vestra
1205 1027 1340 1112 requiri-

221 1158 301 1226 mus,
319 1135 378 1206 sed
394 1140 760 1206 animarumvestrarum
777 1156 849 1204 curn
859 1139 940 1206 Jesu
951 1135 1080 1203 Christo
1096 1138 1189 1204 lucra
1204 1137 1339 1221 sitimus,

220 1246 322 1313 nichil
337 1245 379 1312 de
404 1245 562 1313 facultate
587 1254 698 1312 vestra
723 1243 914 1312 subtrahere
945 1244 1110 1328 querimus
1127 1245 1179 1312 vel
1197 1244 1341 1311 minuere

222 1353 263 1420 dc
278 1355 420 1436 honore,
447 1351 507 1419 sed
523 1358 677 1437 quantum
703 1373 776 1420 cum
791 1353 862 1420 Dec
879 1353 964 1420 iuste
980 1370 1151 1438 possumus
1161 1351 1341 1437 provehere

220 1479 280 1528 ros
296 1468 328 1529 et
352 1461 512 1548 ampliare
535 1461 643 1545 potios
658 1461 861 1529 affectamus.
886 1461 956 1526 Erit
971 1458 1108 1545 proinde
1133 1457 1232 1526 dante
1257 1459 1340 1526 Jesu

219 1567 348 1637 christo
374 1569 494 1637 nostris
520 1567 687 1635 affectibus
705 1566 946 1652 incrementum,
963 1569 992 1634 si
1007 1575 1052 1650 tu,
1068 1570 1207 1651 quiesse
1222 1565 1338 1654 populi

220 1676 267 1741 tui
283 1673 389 1760 capud
405 1685 438 1743 et
453 1677 609 1760 Princeps
627 1674 755 1758 diceris,
770 1675 985 1761 pergratiam
1010 1675 1196 1743 intellectus
1205 1726 1215 1760 ,
1241 1695 1303 1758 quo
1320 1695 1341 1740 a

221 1782 425 1851 multitudiue
441 1784 591 1852 subiecta
607 1781 811 1869 discerneris,
829 1783 996 1870 proposita
1011 1780 1071 1849 tihi
1081 1803 1139 1869 per
1149 1781 1240 1868 pacis
1256 1801 1340 1848 uun-

222 1892 290 1958 eios
306 1893 442 1958 audiens
458 1891 631 1977 patienter,
649 1891 692 1957 ud
709 1893 865 1959 unitatem
881 1891 1031 1958 Ecclesie
1048 1890 1217 1958 Catholice
1233 1909 1339 1957 rerer-

221 2001 312 2085 taris,
329 2007 365 2066 ut
380 1997 533 2065 efficiaris
550 1998 678 2066 Christo
694 1999 835 2086 primitie
851 1998 964 2084 populi
980 1998 1152 2064 reversuri.
1169 1997 1243 2064 Etsi
1258 1997 1342 2064 sorte

222 2113 255 2172 te
271 2103 428 2174 excusare
445 2105 587 2174 volueris
595 2158 605 2193 ,
632 2105 743 2174 dicens
759 2105 821 2174 hec
848 2125 1056 2191 nequaquam
1071 2103 1141 2171 fieri
1156 2124 1254 2192 posse
1269 2107 1341 2172 sine

222 2215 360 2282 concilio
376 2215 541 2300 generali,
565 2213 807 2300 respondemus,
825 2213 912 2298 quod
928 2215 972 2282 ad
982 2211 1248 2298 congregandum
1266 2232 1341 2282 con·

223 2323 332 2390 cilium
348 2320 391 2388 ad
405 2321 649 2406 requisitionem
660 2327 749 2387 tuam
765 2328 798 2387 et
814 2320 931 2387 Grecie
948 2328 1046 2405 atque
1057 2319 1214 2406 Bulgarie
1231 2321 1341 2390 Prela-

222 2437 327 2500 torum
352 2428 515 2497 offerimus
540 2449 600 2496 uos
626 2429 797 2496 benivolos
822 2435 856 2495 et
871 2435 1027 2515 paratos,
1059 2429 1257 2514 recipientes
1282 2449 1342 2497 vos

221 2543 412 2620 vestrosque
437 2542 666 2621 procuratores
692 2541 724 2600 et
740 2527 877 2604 nunci'os
895 2555 968 2603 cum
984 2535 1106 2602 honore
1122 2544 1156 2603 et
1171 2539 1279 2606 cordis
1296 2539 1341 2604 lc·

222 2643 305 2732 titia,
321 2653 354 2714 et
368 2646 574 2712 restituemus
592 2643 720 2730 corpori
734 2644 881 2711 Ecclesie
897 2664 958 2712 sua
967 2645 1121 2728 membra,
1138 2644 1341 2732 preferentes

224 2755 343 2820 stolam
358 2752 505 2838 primam,
531 2752 717 2821 occidemus
727 2752 860 2821 vitulum
885 2753 1082 2839 saginatum,
1097 2751 1252 2836 generale
1269 2772 1342 2821 eon·

219 2860 342 2928 rivium
358 2857 515 2928 faciemus
532 2860 695 2930 universis
708 2861 829 2929 Christi
840 2860 1001 2946 fidelihus,
1023 2869 1060 2956 ct
1070 2860 1341 2928 annunciabimuu

223 2987 294 3035 cunr
311 2969 509 3038 exultatione
535 2977 567 3036 et
591 2969 730 3055 gaudio,
756 2969 842 3053 quod
858 2969 1008 3038 Ecclesia
1024 2968 1197 3037 Catholica
1213 2986 1272 3034 suo
1288 2966 1342 3034 de·

224 3095 299 3143 ecre
315 3083 386 3144 uta
406 3076 566 3163 principio
598 3084 648 3143 est
674 3077 806 3162 induta,
838 3083 1003 3160 tamquam
1034 3076 1111 3144 ritis
1134 3073 1340 3156 habundans,

224 3185 314 3252 cuius
329 3183 387 3250 tilii
404 3191 479 3252 eunt
494 3190 529 3250 ut
552 3185 681 3251 novelle
706 3185 865 3251 olivarum
882 3183 1063 3252 incircuitu
1089 3203 1148 3252 sue
1164 3202 1275 3250 mense
1292 3201 1342 3251 se·

225 3288 341 3360 dentes
367 3291 592 3378 expectando,
617 3300 652 3358 ut
682 3299 828 3361 occurrat
855 3293 1014 3360 salvatori
1040 3312 1100 3359 suo
1117 3291 1247 3386 domino
1262 3291 1342 3358 Jesu

224 3399 362 3468 Christo.
380 3402 584 3488 Quapropter
599 3407 688 3468 tuarn
706 3401 913 3470 exhortamur
936 3401 1131 3468 industriam
1154 3407 1185 3466 et
1208 3399 1269 3466 tihi
1285 3415 1343 3486 per

224 3505 329 3576 Deum
348 3509 607 3595 Omnipotentem
623 3515 656 3576 et
672 3529 731 3596 per
746 3509 858 3578 Jesum
883 3509 1043 3576 Christum
1068 3509 1139 3576 eins
1162 3505 1273 3590 filium,
1289 3503 1344 3590 qui

224 3633 282 3682 suo
308 3621 467 3700 sauguine
483 3639 543 3686 nos
559 3618 714 3704 redemit,
736 3617 942 3702 iniungimus,
970 3623 1130 3701 quatenus
1156 3615 1294 3683 dilectos
1309 3613 1342 3680 li-

224 3723 286 3790 lios
313 3725 432 3794 fratres
467 3725 591 3793 ordinis
619 3725 753 3792 fratrum
769 3727 946 3808 minorum,
980 3725 1102 3792 latores
1133 3724 1343 3810 presentium,

225 3835 314 3901 viros
330 3833 457 3899 virtutis
466 3881 475 3914 ,
502 3851 583 3914 quos
601 3831 657 3898 diu
674 3831 735 3899 sub
751 3833 963 3906 observantia
980 3833 1122 3918 regulari
1140 3831 1296 3918 probatos
1312 3837 1345 3896 et

224 3943 258 4009 in
275 3940 442 4026 scripturis
458 3941 560 4026 sacris
570 3939 745 4007 instructos
755 3941 840 4008 inter
850 3939 934 4008 alios
946 3942 1174 4028 preelegimus,
1191 3939 1269 4024 quia
1284 3939 1343 4005 uti-

226 4050 326 4119 liores
342 4047 399 4114 tibi
416 4067 473 4114 eos
490 4045 559 4114 lore
576 4047 782 4132 credidimus,
801 4057 965 4133 tamquam
976 4047 1270 4117 nostriSalvatoris
1286 4047 1343 4113 hu-

224 4158 396 4225 militatem
414 4155 599 4240 sequentes,
619 4155 662 4223 ad
678 4163 710 4222 te
727 4156 877 4224 duximus
893 4154 1175 4233 transmittendos,
1205 4173 1265 4241 pro
1289 4153 1344 4219 Di-

222 4265 300 4332 vina
316 4265 499 4332 reverentia
522 4270 555 4331 et
579 4272 688 4332 nostra
711 4265 889 4333 liberaliter
905 4275 938 4332 ct
962 4267 1102 4351 benigne
1118 4262 1284 4347 suscipere
1311 4265 1345 4323 et

224 4372 520 4439 honeste'tractare
536 4371 676 4456 debeas,
709 4377 806 4442 immo
823 4375 932 4462 potius
948 4393 1007 4442 nos
1023 4374 1056 4440 in
1088 4371 1188 4458 ipsis,
1216 4376 1249 4435 et
1273 4365 1342 4432 dili-

222 4485 337 4564 gentes
354 4477 466 4546 audire
498 4485 529 4543 ct
547 4477 680 4545 credere
697 4478 839 4564 firmiter,
858 4502 1048 4566 quoeunque
1066 4485 1216 4564 exparte
1233 4483 1345 4542 nostra

226 4584 286 4654 tibi
303 4585 455 4654 duxerint
470 4589 690 4674 proponenda.
714 4587 799 4655 Nam
823 4591 852 4656 si
874 4599 1093 4676 putassemus,
1110 4587 1196 4672 quod
1213 4579 1344 4651 fructic-
