3184 5064
276 1126 299 1191 1
301 1124 337 1192 V.
361 1121 894 1212 abrenuntiaremus,
926 1119 1006 1207 bopy
1038 1119 1144 1185 Fumea
1171 1119 1414 1206 pannoabulmi

275 1235 354 1320 aput
369 1230 507 1308 Pateat,
529 1231 677 1316 Zeraekey
683 1227 810 1314 flatuuk,
834 1249 872 1293 aa
888 1227 1018 1313 abrupi
1032 1225 1136 1293 histob
1151 1227 1360 1293 ukiutetffiea
1380 1237 1413 1293 er

276 1339 364 1426 pir-att
378 1337 491 1424 fiaetua'
512 1337 647 1404 wrtoaile
658 1385 669 1422 ,
692 1337 819 1424 upybri
833 1333 992 1422 aepulae
1015 1333 1211 1422 bizaayitja‚
1234 1335 1317 1424 bopy
1335 1358 1411 1403 azau

196 1461 204 1479 ⁸
609 1445 721 1530 fizetta
738 1447 929 1531 meptbrttut.
954 1443 1054 1510 1259.

381 1640 567 1727 Capitulum
584 1639 734 1708 Eeeiesie
750 1639 940 1708 Gevriensis
956 1639 1107 1708 omnibus
1118 1637 1239 1709 Christi
1247 1640 1409 1710 fidelibus

278 1751 484 1839 presencium
500 1749 677 1819 lectoribus
694 1751 832 1817 salutem
848 1749 881 1816 in
904 1749 1055 1816 Domino.
1084 1749 1221 1818 Nouerit
1244 1749 1408 1818 uniuersi·

276 1863 328 1924 tas
346 1865 457 1926 vestra
466 1908 476 1942 ‚
493 1857 581 1942 quod
598 1877 658 1926 nos
674 1857 882 1944 presentibus
899 1857 1049 1941 partibus
1077 1858 1301 1942 aperuerimus
1316 1859 1407 1924 litte

194 2013 198 2020 .
276 1983 330 2032 ras
347 1966 555 2033 memoriales
571 1965 696 2032 domini
715 1965 814 2050 Regis
840 1965 940 2050 Belo,
966 1965 1142 2048 quainter
1168 1963 1407 2032 Monasterium

274 2073 386 2140 Sanati
400 2072 532 2142 Martini
548 2093 590 2141 ex
608 2093 674 2142 vua
689 2079 797 2160 parte,
812 2080 847 2140 et
861 2073 947 2140 inter
962 2073 1099 2140 Paulum
1115 2071 1216 2140 filium
1232 2073 1406 2159 Zemekey

274 2198 316 2247 ex
332 2180 439 2249 altera
455 2187 666 2264 emanarant3
684 2199 822 2264 quarum
839 2188 934 2248 tenor
949 2181 1026 2246 talis
1043 2186 1111 2245 est:

383 2286 488 2355 Datur
502 2308 560 2376 pro
577 2289 736 2355 memoria
744 2337 754 2374 ,
779 2288 867 2374 quod
891 2284 1033 2376 F(auus)
1057 2287 1172 2355 Abbaa
1188 2287 1302 2356 Saneti
1318 2287 1406 2354 brar-

274 2391 334 2460 tini
350 2392 392 2463 de
407 2396 510 2464 Sacro
526 2397 637 2464 Monte
653 2397 823 2464 Pannonia
839 2397 872 2462 iu
888 2397 1014 2464 oetaeis
1029 2393 1276 2464 Purifiuaeiouis
1296 2397 1406 2464 Beate

271 2499 417 2584 Virginis
433 2501 534 2571 Paulo
550 2501 617 2571 filio
634 2503 800 2590 Zemekey
815 2523 876 2592 pro
892 2513 990 2591 terre,
1007 2525 1104 2590 quam
1119 2504 1153 2570 iu
1169 2503 1250 2571 uilla
1266 2503 1406 2570 Eurken

273 2611 315 2679 ab
328 2607 443 2678 eodem
453 2609 555 2678 Paule
566 2631 675 2679 eoram
691 2613 786 2681 nubis
803 2613 983 2700 repetebat,
999 2613 1098 2682 debet
1108 2613 1238 2680 soluere
1254 2613 1405 2698 quinque

275 2735 405 2787 mareas
421 2737 497 2786 eum
507 2719 654 2786 denariis
669 2719 850 2804 Regalibus
866 2721 910 2788 ad
934 2719 1081 2806 pondus,
1105 2721 1159 2788 vel
1184 2725 1322 2804 argente
1347 2718 1406 2786 de-

273 2825 357 2896 aime
374 2827 607 2895 eumbustiouia
623 2846 730 2895 eoram
746 2826 897 2915 capitulo
914 2829 1086 2896 lauriensi.
1113 2830 1205 2896 Idem
1223 2846 1300 2895 vero
1316 2828 1404 2894 Pau·

270 2937 322 3004 lus
339 2935 373 3002 in
389 2937 472 3021 ipsis
489 2937 617 3004 outauis
632 2937 782 3006 restituet
796 2937 942 3024 predicto
957 2937 1079 3005 Abbati
1103 2937 1313 3025 priuilegium
1343 2954 1406 3021 per

269 3041 432 3128 prefatum
448 3041 676 3111 Monaaterium
687 3043 800 3112 Sancti
815 3045 947 3112 Martini
962 3065 1061 3131 super
1075 3045 1267 3113 vandiuione
1277 3065 1402 3130 preno-

269 3157 341 3219 tate
366 3155 451 3219 terre
477 3169 689 3237 conuersum,
714 3173 755 3221 aa
782 3154 885 3221 eriam
910 3153 1008 3223 debet
1022 3156 1057 3221 in
1083 3154 1263 3222 confluenti
1277 3161 1404 3222 terram

269 3253 445 3328 restituere
471 3259 694 3346 supradictam
710 3261 832 3328 Abbati
849 3267 882 3328 et
898 3261 1080 3331 Conuentui
1100 3261 1293 3330 Mouasterii
1308 3269 1405 3328 aute·

272 3365 371 3455 dieti,
387 3365 449 3437 hou
465 3386 646 3455 expresso,
663 3369 752 3451 quod
768 3371 797 3436 si
812 3369 877 3456 ipsi
892 3369 1015 3438 Abbati
1030 3375 1154 3438 statuto
1172 3369 1310 3436 termino
1325 3389 1402 3457 pre-

270 3474 391 3543 dictam
421 3478 595 3561 pecuniam
625 3477 767 3546 uoluenti
790 3476 999 3565 priuilegium
1029 3477 1193 3564 prefatum
1223 3477 1399 3545 restituere

269 3601 333 3649 uon
349 3590 498 3669 erraret,
515 3585 590 3670 ipsa
606 3590 696 3651 terra
711 3585 838 3670 absque
853 3583 993 3670 pecunia
1009 3583 1128 3652 Abbati
1152 3583 1404 3670 perpetuabitur

269 3696 460 3761 memoratu.
484 3693 522 3762 Si
536 3711 613 3761 raro
629 3691 745 3762 Abbas
761 3693 883 3761 dietam
899 3691 1074 3779 pecuniam
1094 3709 1159 3758 nou
1175 3691 1311 3758 soluerit
1320 3738 1330 3775 ,
1356 3693 1402 3758 si-

194 3835 198 3845 ·
269 3803 325 3865 aut
339 3799 456 3885 debet,
478 3801 585 3886 ipsam
595 3807 716 3868 terram
739 3799 827 3867 idem
843 3801 966 3867 Paulus
986 3795 1189 3883 possidebit,
1215 3796 1399 3864 eontrariu-

269 3907 362 3976 eiona
379 3905 487 3991 aliqua
501 3927 567 3975 non
582 3908 744 3977 obstante.
776 3911 898 3977 Datum
914 3909 949 3974 iu
964 3906 1049 3974 festa
1066 3903 1155 3975 Luae
1169 3906 1398 3992 Evangeliate.

378 4014 475 4084 Vnda
505 4022 684 4083 memorate
708 4016 855 4102 quinque
885 4033 995 4084 maree
1022 4019 1173 4102 exparte
1203 4013 1398 4084 Mouasterii

273 4123 387 4195 Sancti
402 4123 537 4191 Martini
553 4122 660 4193 eidem
676 4125 780 4195 Paulo
805 4123 873 4193 filio
900 4124 1044 4192 Zemelre
1069 4129 1279 4190 sunteoram
1303 4123 1401 4190 nobis

270 4234 419 4322 plenarie
444 4233 630 4322 persolute;
665 4235 786 4303 Paulus
811 4254 890 4303 vere
914 4231 999 4301 tilius
1025 4231 1169 4300 Zemeke
1194 4229 1403 4316 priuilegium

269 4347 484 4411 memoratum
500 4339 623 4410 Abbati
639 4339 803 4427 exhibuit;
829 4347 951 4414 terram
975 4347 1084 4409 autam
1109 4337 1273 4425 prefatam
1289 4357 1401 4405 eoram

269 4449 401 4520 bomine
431 4457 545 4522 nostro
575 4447 664 4518 tideli
694 4451 738 4519 ari
768 4449 831 4519 hoe
861 4451 1037 4538 deputato,
1059 4447 1201 4518 ducenta
1216 4453 1249 4515 et
1263 4444 1402 4532 triginta

263 4563 380 4645 iugera
395 4563 481 4629 terra
497 4580 559 4630 uuo
583 4559 691 4629 minus
708 4560 927 4630 eontinentem
942 4559 977 4627 in
1000 4556 1136 4646 Eurkyu
1160 4555 1305 4626 restituit
1326 4555 1396 4623 bio·
