<?xml version="1.0" encoding="UTF-8"?>
<!DOCTYPE html PUBLIC "-//W3C//DTD XHTML 1.0 Transitional//EN"
    "http://www.w3.org/TR/xhtml1/DTD/xhtml1-transitional.dtd">
<html xmlns="http://www.w3.org/1999/xhtml" xml:lang="en" lang="en">
 <head>
  <title>
</title>
<meta http-equiv="Content-Type" content="text/html;charset=utf-8" />
  <meta name='ocr-system' content='tesseract 3.04.00' />
  <meta name='ocr-capabilities' content='ocr_page ocr_carea ocr_par ocr_line ocrx_word'/>
</head>
<body>
  <div class='ocr_page' id='page_1' title='image "./codexdiplomatic11wenzgoog_0199.png"; bbox 0 0 3154 5030; ppageno 0'>
   <div class='ocr_carea' id='block_1_1' title="bbox 282 1051 1397 1250">
    <p class='ocr_par' dir='ltr' id='par_1_1' title="bbox 282 1051 1397 1250">
     <span class='ocr_line' id='line_1_1' title="bbox 282 1051 1397 1144; baseline -0.001 -22"><span class='ocrx_word' id='word_1_1' title='bbox 282 1051 344 1122; x_wconf 76' lang='lat' dir='ltr'><strong>TV.</strong></span> <span class='ocrx_word' id='word_1_2' title='bbox 361 1054 451 1120; x_wconf 76' lang='lat' dir='ltr'><strong>Inous</strong></span> <span class='ocrx_word' id='word_1_3' title='bbox 462 1053 856 1142; x_wconf 59' lang='lat' dir='ltr'><strong>pupasiurmuuuouu</strong></span> <span class='ocrx_word' id='word_1_4' title='bbox 876 1055 1161 1142; x_wconf 56' lang='lat' dir='ltr'><strong>ampommopycs&#39;</strong></span> <span class='ocrx_word' id='word_1_5' title='bbox 1171 1055 1316 1144; x_wconf 76' lang='lat' dir='ltr'><strong>popuok,</strong></span> <span class='ocrx_word' id='word_1_6' title='bbox 1332 1065 1397 1121; x_wconf 74' lang='lat' dir='ltr'><strong>snit·</strong></span> 
     </span>
     <span class='ocr_line' id='line_1_2' title="bbox 512 1161 1194 1250; baseline 0.003 -24"><span class='ocrx_word' id='word_1_7' title='bbox 512 1162 600 1228; x_wconf 70' lang='lat' dir='ltr'><strong>tetur</strong></span> <span class='ocrx_word' id='word_1_8' title='bbox 615 1161 901 1248; x_wconf 64' lang='lat' dir='ltr'><strong>tonuonytelcusepct</strong></span> <span class='ocrx_word' id='word_1_9' title='bbox 916 1163 946 1228; x_wconf 80' lang='lat' dir='ltr'><strong>el</strong></span> <span class='ocrx_word' id='word_1_10' title='bbox 961 1161 1080 1250; x_wconf 73' lang='lat' dir='ltr'><strong>cepeoii.</strong></span> <span class='ocrx_word' id='word_1_11' title='bbox 1097 1162 1194 1228; x_wconf 75' lang='lat'><strong><em>1245.</em></strong></span> 
     </span>
    </p>
   </div>
   <div class='ocr_carea' id='block_1_2' title="bbox 279 1339 1401 3150">
    <p class='ocr_par' dir='ltr' id='par_1_2' title="bbox 279 1339 1401 3150">
     <span class='ocr_line' id='line_1_3' title="bbox 390 1339 1397 1427; baseline 0.002 -19"><span class='ocrx_word' id='word_1_12' title='bbox 390 1341 599 1408; x_wconf 77' lang='lat' dir='ltr'><strong>Innocentius</strong></span> <span class='ocrx_word' id='word_1_13' title='bbox 623 1339 803 1427; x_wconf 74' lang='lat' dir='ltr'><strong>Episcopus</strong></span> <span class='ocrx_word' id='word_1_14' title='bbox 829 1346 891 1408; x_wconf 84' lang='lat' dir='ltr'><strong>etc.</strong></span> <span class='ocrx_word' id='word_1_15' title='bbox 908 1339 1027 1408; x_wconf 86' lang='lat' dir='ltr'><strong>dilecto</strong></span> <span class='ocrx_word' id='word_1_16' title='bbox 1047 1339 1114 1409; x_wconf 83' lang='lat' dir='ltr'><strong>filio</strong></span> <span class='ocrx_word' id='word_1_17' title='bbox 1131 1341 1289 1427; x_wconf 78' lang='lat' dir='ltr'><strong>magistro</strong></span> <span class='ocrx_word' id='word_1_18' title='bbox 1306 1340 1397 1410; x_wconf 84' lang='lat' dir='ltr'><strong>Sixto</strong></span> 
     </span>
     <span class='ocr_line' id='line_1_4' title="bbox 283 1447 1398 1532; baseline 0.004 -18"><span class='ocrx_word' id='word_1_19' title='bbox 283 1448 402 1517; x_wconf 87' lang='lat' dir='ltr'><strong>clerico</strong></span> <span class='ocrx_word' id='word_1_20' title='bbox 417 1449 650 1532; x_wconf 76' lang='lat' dir='ltr'><strong>Strigouieusis</strong></span> <span class='ocrx_word' id='word_1_21' title='bbox 675 1447 824 1516; x_wconf 82' lang='lat' dir='ltr'><strong>Dionesis</strong></span> <span class='ocrx_word' id='word_1_22' title='bbox 840 1447 978 1516; x_wconf 83' lang='lat' dir='ltr'><strong>salntem</strong></span> <span class='ocrx_word' id='word_1_23' title='bbox 1004 1456 1066 1518; x_wconf 86' lang='lat' dir='ltr'><strong>etc.</strong></span> <span class='ocrx_word' id='word_1_24' title='bbox 1085 1449 1165 1518; x_wconf 80' lang='lat' dir='ltr'><strong>cum</strong></span> <span class='ocrx_word' id='word_1_25' title='bbox 1182 1450 1268 1518; x_wconf 87' lang='lat' dir='ltr'><strong>bone</strong></span> <span class='ocrx_word' id='word_1_26' title='bbox 1282 1471 1398 1520; x_wconf 88' lang='lat' dir='ltr'><strong>memo·</strong></span> 
     </span>
     <span class='ocr_line' id='line_1_5' title="bbox 279 1555 1398 1646; baseline 0 -20"><span class='ocrx_word' id='word_1_27' title='bbox 279 1555 329 1626; x_wconf 84' lang='lat' dir='ltr'><strong>ric</strong></span> <span class='ocrx_word' id='word_1_28' title='bbox 367 1608 374 1622; x_wconf 94' lang='lat'><strong>.</strong></span> <span class='ocrx_word' id='word_1_29' title='bbox 400 1603 441 1622; x_wconf 90' lang='lat'><strong>..</strong></span> <span class='ocrx_word' id='word_1_30' title='bbox 473 1557 653 1645; x_wconf 83' lang='lat' dir='ltr'><strong>Episcopus</strong></span> <span class='ocrx_word' id='word_1_31' title='bbox 672 1555 895 1642; x_wconf 75' lang='lat' dir='ltr'><strong>Pressouar,</strong></span> <span class='ocrx_word' id='word_1_32' title='bbox 928 1565 1005 1626; x_wconf 87' lang='lat' dir='ltr'><strong>tnnc</strong></span> <span class='ocrx_word' id='word_1_33' title='bbox 1030 1560 1063 1625; x_wconf 89' lang='lat' dir='ltr'><strong>iu</strong></span> <span class='ocrx_word' id='word_1_34' title='bbox 1091 1557 1237 1646; x_wconf 79' lang='lat' dir='ltr'><strong>Ungarie</strong></span> <span class='ocrx_word' id='word_1_35' title='bbox 1252 1558 1398 1645; x_wconf 84' lang='lat' dir='ltr'><strong>pertibus</strong></span> 
     </span>
     <span class='ocr_line' id='line_1_6' title="bbox 282 1663 1398 1753; baseline -0.001 -20"><span class='ocrx_word' id='word_1_36' title='bbox 282 1664 471 1753; x_wconf 78' lang='lat' dir='ltr'><strong>Apostolice</strong></span> <span class='ocrx_word' id='word_1_37' title='bbox 488 1663 583 1732; x_wconf 86' lang='lat' dir='ltr'><strong>Sedis</strong></span> <span class='ocrx_word' id='word_1_38' title='bbox 599 1666 741 1750; x_wconf 81' lang='lat' dir='ltr'><strong>Legatos</strong></span> <span class='ocrx_word' id='word_1_39' title='bbox 757 1674 885 1750; x_wconf 84' lang='lat' dir='ltr'><strong>tecum,</strong></span> <span class='ocrx_word' id='word_1_40' title='bbox 911 1665 966 1749; x_wconf 89' lang='lat' dir='ltr'><strong>qni</strong></span> <span class='ocrx_word' id='word_1_41' title='bbox 980 1671 1056 1733; x_wconf 89' lang='lat' dir='ltr'><strong>tunc</strong></span> <span class='ocrx_word' id='word_1_42' title='bbox 1071 1685 1148 1734; x_wconf 89' lang='lat' dir='ltr'><strong>erss</strong></span> <span class='ocrx_word' id='word_1_43' title='bbox 1164 1665 1301 1734; x_wconf 87' lang='lat' dir='ltr'><strong>clericus</strong></span> <span class='ocrx_word' id='word_1_44' title='bbox 1317 1665 1398 1743; x_wconf 86' lang='lat' dir='ltr'><strong>cios,</strong></span> 
     </span>
     <span class='ocr_line' id='line_1_7' title="bbox 284 1772 1398 1860; baseline 0 -20"><span class='ocrx_word' id='word_1_45' title='bbox 284 1791 384 1860; x_wconf 85' lang='lat' dir='ltr'><strong>super</strong></span> <span class='ocrx_word' id='word_1_46' title='bbox 398 1772 525 1840; x_wconf 85' lang='lat' dir='ltr'><strong>defectu</strong></span> <span class='ocrx_word' id='word_1_47' title='bbox 556 1773 733 1857; x_wconf 74' lang='lat' dir='ltr'><strong>natalium,</strong></span> <span class='ocrx_word' id='word_1_48' title='bbox 760 1793 856 1856; x_wconf 90' lang='lat' dir='ltr'><strong>qnem</strong></span> <span class='ocrx_word' id='word_1_49' title='bbox 872 1774 997 1860; x_wconf 83' lang='lat' dir='ltr'><strong>pateris</strong></span> <span class='ocrx_word' id='word_1_50' title='bbox 1013 1772 1055 1840; x_wconf 89' lang='lat' dir='ltr'><strong>de</strong></span> <span class='ocrx_word' id='word_1_51' title='bbox 1069 1773 1254 1860; x_wconf 74' lang='lat' dir='ltr'><strong>presbitero</strong></span> <span class='ocrx_word' id='word_1_52' title='bbox 1270 1775 1398 1858; x_wconf 81' lang='lat' dir='ltr'><strong>genitus</strong></span> 
     </span>
     <span class='ocr_line' id='line_1_8' title="bbox 280 1879 1398 1966; baseline -0.004 -16"><span class='ocrx_word' id='word_1_53' title='bbox 280 1903 322 1950; x_wconf 82' lang='lat' dir='ltr'><strong>nc</strong></span> <span class='ocrx_word' id='word_1_54' title='bbox 343 1882 450 1950; x_wconf 86' lang='lat' dir='ltr'><strong>soluto</strong></span> <span class='ocrx_word' id='word_1_55' title='bbox 482 1881 569 1964; x_wconf 85' lang='lat' dir='ltr'><strong>quod</strong></span> <span class='ocrx_word' id='word_1_56' title='bbox 600 1881 633 1948; x_wconf 90' lang='lat' dir='ltr'><strong>in</strong></span> <span class='ocrx_word' id='word_1_57' title='bbox 661 1881 821 1966; x_wconf 87' lang='lat' dir='ltr'><strong>susceptis</strong></span> <span class='ocrx_word' id='word_1_58' title='bbox 852 1881 1037 1948; x_wconf 81' lang='lat' dir='ltr'><strong>ministrare</strong></span> <span class='ocrx_word' id='word_1_59' title='bbox 1068 1881 1254 1964; x_wconf 85' lang='lat' dir='ltr'><strong>ordinibus,</strong></span> <span class='ocrx_word' id='word_1_60' title='bbox 1285 1899 1325 1945; x_wconf 85' lang='lat' dir='ltr'><strong>ac</strong></span> <span class='ocrx_word' id='word_1_61' title='bbox 1355 1879 1398 1946; x_wconf 85' lang='lat' dir='ltr'><strong>od</strong></span> 
     </span>
     <span class='ocr_line' id='line_1_9' title="bbox 280 1987 1396 2077; baseline -0.004 -21"><span class='ocrx_word' id='word_1_62' title='bbox 280 2009 394 2058; x_wconf 81' lang='lat' dir='ltr'><strong>sacros</strong></span> <span class='ocrx_word' id='word_1_63' title='bbox 409 1989 610 2077; x_wconf 85' lang='lat' dir='ltr'><strong>promoveri,</strong></span> <span class='ocrx_word' id='word_1_64' title='bbox 632 2005 671 2054; x_wconf 88' lang='lat' dir='ltr'><strong>nc</strong></span> <span class='ocrx_word' id='word_1_65' title='bbox 687 1987 879 2054; x_wconf 85' lang='lat' dir='ltr'><strong>beneficium</strong></span> <span class='ocrx_word' id='word_1_66' title='bbox 890 1987 1172 2074; x_wconf 79' lang='lat' dir='ltr'><strong>ecclesiasticum,</strong></span> <span class='ocrx_word' id='word_1_67' title='bbox 1197 1987 1327 2052; x_wconf 80' lang='lat' dir='ltr'><strong>etiamsi</strong></span> <span class='ocrx_word' id='word_1_68' title='bbox 1343 2006 1396 2053; x_wconf 92' lang='lat' dir='ltr'><strong>cu-</strong></span> 
     </span>
     <span class='ocr_line' id='line_1_10' title="bbox 280 2093 1399 2180; baseline -0.004 -16"><span class='ocrx_word' id='word_1_69' title='bbox 280 2117 350 2164; x_wconf 82' lang='lat' dir='ltr'><strong>ram</strong></span> <span class='ocrx_word' id='word_1_70' title='bbox 366 2097 548 2164; x_wconf 73' lang='lat' dir='ltr'><strong>animarum</strong></span> <span class='ocrx_word' id='word_1_71' title='bbox 573 2093 711 2178; x_wconf 78' lang='lat' dir='ltr'><strong>habeut,</strong></span> <span class='ocrx_word' id='word_1_72' title='bbox 746 2094 893 2162; x_wconf 82' lang='lat' dir='ltr'><strong>obtinere</strong></span> <span class='ocrx_word' id='word_1_73' title='bbox 917 2095 1036 2180; x_wconf 88' lang='lat' dir='ltr'><strong>possis,</strong></span> <span class='ocrx_word' id='word_1_74' title='bbox 1060 2094 1192 2162; x_wconf 86' lang='lat' dir='ltr'><strong>duxerit</strong></span> <span class='ocrx_word' id='word_1_75' title='bbox 1208 2095 1399 2180; x_wconf 82' lang='lat' dir='ltr'><strong>disponsan-</strong></span> 
     </span>
     <span class='ocr_line' id='line_1_11' title="bbox 281 2201 1401 2292; baseline -0.002 -22"><span class='ocrx_word' id='word_1_76' title='bbox 281 2205 368 2287; x_wconf 90' lang='lat' dir='ltr'><strong>dum,</strong></span> <span class='ocrx_word' id='word_1_77' title='bbox 385 2211 481 2292; x_wconf 89' lang='lat' dir='ltr'><strong>prout</strong></span> <span class='ocrx_word' id='word_1_78' title='bbox 495 2205 529 2271; x_wconf 90' lang='lat' dir='ltr'><strong>in</strong></span> <span class='ocrx_word' id='word_1_79' title='bbox 545 2204 646 2290; x_wconf 89' lang='lat' dir='ltr'><strong>ipsius</strong></span> <span class='ocrx_word' id='word_1_80' title='bbox 670 2203 825 2289; x_wconf 81' lang='lat' dir='ltr'><strong>Episcopi</strong></span> <span class='ocrx_word' id='word_1_81' title='bbox 841 2201 960 2268; x_wconf 81' lang='lat' dir='ltr'><strong>litteris</strong></span> <span class='ocrx_word' id='word_1_82' title='bbox 976 2203 1206 2290; x_wconf 86' lang='lat' dir='ltr'><strong>perspeximus</strong></span> <span class='ocrx_word' id='word_1_83' title='bbox 1221 2202 1401 2286; x_wconf 87' lang='lat' dir='ltr'><strong>contineri;</strong></span> 
     </span>
     <span class='ocr_line' id='line_1_12' title="bbox 281 2309 1401 2395; baseline 0 -19"><span class='ocrx_word' id='word_1_84' title='bbox 281 2331 343 2378; x_wconf 89' lang='lat' dir='ltr'><strong>nos</strong></span> <span class='ocrx_word' id='word_1_85' title='bbox 359 2310 540 2378; x_wconf 88' lang='lat' dir='ltr'><strong>devotionis</strong></span> <span class='ocrx_word' id='word_1_86' title='bbox 571 2319 625 2376; x_wconf 88' lang='lat' dir='ltr'><strong>tue</strong></span> <span class='ocrx_word' id='word_1_87' title='bbox 651 2310 801 2394; x_wconf 82' lang='lat' dir='ltr'><strong>precibus</strong></span> <span class='ocrx_word' id='word_1_88' title='bbox 828 2309 993 2394; x_wconf 80' lang='lat' dir='ltr'><strong>inclinati,</strong></span> <span class='ocrx_word' id='word_1_89' title='bbox 1017 2310 1104 2394; x_wconf 86' lang='lat' dir='ltr'><strong>quod</strong></span> <span class='ocrx_word' id='word_1_90' title='bbox 1120 2310 1163 2376; x_wconf 83' lang='lat' dir='ltr'><strong>ab</strong></span> <span class='ocrx_word' id='word_1_91' title='bbox 1188 2309 1304 2376; x_wconf 89' lang='lat' dir='ltr'><strong>eodem</strong></span> <span class='ocrx_word' id='word_1_92' title='bbox 1320 2309 1401 2395; x_wconf 84' lang='lat' dir='ltr'><strong>Epi-</strong></span> 
     </span>
     <span class='ocr_line' id='line_1_13' title="bbox 280 2415 1400 2506; baseline -0.004 -20"><span class='ocrx_word' id='word_1_93' title='bbox 280 2437 381 2504; x_wconf 87' lang='lat' dir='ltr'><strong>scopo</strong></span> <span class='ocrx_word' id='word_1_94' title='bbox 396 2437 494 2506; x_wconf 84' lang='lat' dir='ltr'><strong>supcr</strong></span> <span class='ocrx_word' id='word_1_95' title='bbox 511 2418 571 2486; x_wconf 90' lang='lat' dir='ltr'><strong>hoc</strong></span> <span class='ocrx_word' id='word_1_96' title='bbox 586 2419 704 2486; x_wconf 83' lang='lat' dir='ltr'><strong>suctum</strong></span> <span class='ocrx_word' id='word_1_97' title='bbox 722 2426 782 2499; x_wconf 84' lang='lat' dir='ltr'><strong>est,</strong></span> <span class='ocrx_word' id='word_1_98' title='bbox 803 2422 932 2504; x_wconf 82' lang='lat' dir='ltr'><strong>gratum</strong></span> <span class='ocrx_word' id='word_1_99' title='bbox 949 2424 981 2484; x_wconf 86' lang='lat' dir='ltr'><strong>et</strong></span> <span class='ocrx_word' id='word_1_100' title='bbox 999 2425 1105 2484; x_wconf 79' lang='lat' dir='ltr'><strong>rutum</strong></span> <span class='ocrx_word' id='word_1_101' title='bbox 1119 2415 1293 2500; x_wconf 79' lang='lat' dir='ltr'><strong>habentes,</strong></span> <span class='ocrx_word' id='word_1_102' title='bbox 1318 2417 1400 2484; x_wconf 85' lang='lat' dir='ltr'><strong>iilud</strong></span> 
     </span>
     <span class='ocr_line' id='line_1_14' title="bbox 280 2523 1398 2614; baseline 0 -22"><span class='ocrx_word' id='word_1_103' title='bbox 280 2526 476 2593; x_wconf 77' lang='lat' dir='ltr'><strong>auctoritate</strong></span> <span class='ocrx_word' id='word_1_104' title='bbox 492 2525 681 2614; x_wconf 82' lang='lat' dir='ltr'><strong>Apostolion</strong></span> <span class='ocrx_word' id='word_1_105' title='bbox 696 2525 923 2593; x_wconf 85' lang='lat' dir='ltr'><strong>confirmamus</strong></span> <span class='ocrx_word' id='word_1_106' title='bbox 933 2575 943 2610; x_wconf 85' lang='lat'><em>‚</em></span> <span class='ocrx_word' id='word_1_107' title='bbox 966 2531 1000 2592; x_wconf 88' lang='lat' dir='ltr'><strong>et</strong></span> <span class='ocrx_word' id='word_1_108' title='bbox 1016 2525 1178 2610; x_wconf 87' lang='lat' dir='ltr'><strong>presentis</strong></span> <span class='ocrx_word' id='word_1_109' title='bbox 1195 2523 1308 2611; x_wconf 89' lang='lat' dir='ltr'><strong>scripti</strong></span> <span class='ocrx_word' id='word_1_110' title='bbox 1338 2546 1398 2612; x_wconf 80' lang='lat' dir='ltr'><strong>pa·</strong></span> 
     </span>
     <span class='ocr_line' id='line_1_15' title="bbox 280 2631 1401 2720; baseline -0.002 -20"><span class='ocrx_word' id='word_1_111' title='bbox 280 2633 416 2700; x_wconf 85' lang='lat' dir='ltr'><strong>trooinio</strong></span> <span class='ocrx_word' id='word_1_112' title='bbox 436 2633 684 2718; x_wconf 79' lang='lat' dir='ltr'><strong>communimus3</strong></span> <span class='ocrx_word' id='word_1_113' title='bbox 710 2633 758 2700; x_wconf 83' lang='lat' dir='ltr'><strong>its</strong></span> <span class='ocrx_word' id='word_1_114' title='bbox 773 2639 893 2718; x_wconf 81' lang='lat' dir='ltr'><strong>temen,</strong></span> <span class='ocrx_word' id='word_1_115' title='bbox 912 2632 998 2716; x_wconf 84' lang='lat' dir='ltr'><strong>quod</strong></span> <span class='ocrx_word' id='word_1_116' title='bbox 1014 2635 1043 2702; x_wconf 89' lang='lat' dir='ltr'><strong>si</strong></span> <span class='ocrx_word' id='word_1_117' title='bbox 1058 2639 1091 2700; x_wconf 84' lang='lat' dir='ltr'><strong>to</strong></span> <span class='ocrx_word' id='word_1_118' title='bbox 1109 2631 1152 2700; x_wconf 85' lang='lat' dir='ltr'><strong>ud</strong></span> <span class='ocrx_word' id='word_1_119' title='bbox 1167 2632 1401 2720; x_wconf 81' lang='lat' dir='ltr'><strong>Episcopelem</strong></span> 
     </span>
     <span class='ocr_line' id='line_1_16' title="bbox 279 2739 1399 2827; baseline -0.002 -19"><span class='ocrx_word' id='word_1_120' title='bbox 279 2740 390 2808; x_wconf 77' lang='lat' dir='ltr'><strong>vuueri</strong></span> <span class='ocrx_word' id='word_1_121' title='bbox 415 2739 585 2824; x_wconf 83' lang='lat' dir='ltr'><strong>contigerit</strong></span> <span class='ocrx_word' id='word_1_122' title='bbox 610 2739 815 2826; x_wconf 77' lang='lat' dir='ltr'><strong>dignitatern,</strong></span> <span class='ocrx_word' id='word_1_123' title='bbox 833 2741 925 2808; x_wconf 84' lang='lat' dir='ltr'><strong>illam</strong></span> <span class='ocrx_word' id='word_1_124' title='bbox 941 2757 1151 2823; x_wconf 81' lang='lat' dir='ltr'><strong>nequaquem</strong></span> <span class='ocrx_word' id='word_1_125' title='bbox 1167 2739 1307 2827; x_wconf 80' lang='lat' dir='ltr'><strong>recipias</strong></span> <span class='ocrx_word' id='word_1_126' title='bbox 1324 2739 1399 2806; x_wconf 77' lang='lat' dir='ltr'><strong>abs·</strong></span> 
     </span>
     <span class='ocr_line' id='line_1_17' title="bbox 281 2847 1401 2937; baseline -0.002 -21"><span class='ocrx_word' id='word_1_127' title='bbox 281 2867 343 2933; x_wconf 87' lang='lat' dir='ltr'><strong>que</strong></span> <span class='ocrx_word' id='word_1_128' title='bbox 358 2848 492 2916; x_wconf 77' lang='lat' dir='ltr'><strong>licentis</strong></span> <span class='ocrx_word' id='word_1_129' title='bbox 517 2847 610 2916; x_wconf 88' lang='lat' dir='ltr'><strong>Sedis</strong></span> <span class='ocrx_word' id='word_1_130' title='bbox 625 2847 816 2937; x_wconf 80' lang='lat' dir='ltr'><strong>Apostolice</strong></span> <span class='ocrx_word' id='word_1_131' title='bbox 842 2847 989 2934; x_wconf 75' lang='lat' dir='ltr'><strong>speciali.</strong></span> <span class='ocrx_word' id='word_1_132' title='bbox 1014 2847 1104 2914; x_wconf 84' lang='lat' dir='ltr'><strong>Nulli</strong></span> <span class='ocrx_word' id='word_1_133' title='bbox 1120 2854 1270 2934; x_wconf 79' lang='lat' dir='ltr'><strong>ergoetc.</strong></span> <span class='ocrx_word' id='word_1_134' title='bbox 1287 2851 1401 2914; x_wconf 89' lang='lat' dir='ltr'><strong>nostre</strong></span> 
     </span>
     <span class='ocr_line' id='line_1_18' title="bbox 280 2953 1394 3040; baseline -0.004 -18"><span class='ocrx_word' id='word_1_135' title='bbox 280 2955 533 3024; x_wconf 79' lang='lat' dir='ltr'><strong>confirmacionis</strong></span> <span class='ocrx_word' id='word_1_136' title='bbox 549 2964 609 3022; x_wconf 89' lang='lat' dir='ltr'><strong>cto.</strong></span> <span class='ocrx_word' id='word_1_137' title='bbox 626 2955 662 3022; x_wconf 90' lang='lat' dir='ltr'><strong>Si</strong></span> <span class='ocrx_word' id='word_1_138' title='bbox 678 2957 752 3040; x_wconf 90' lang='lat' dir='ltr'><strong>quis</strong></span> <span class='ocrx_word' id='word_1_139' title='bbox 763 2962 827 3022; x_wconf 84' lang='lat' dir='ltr'><strong>ete.</strong></span> <span class='ocrx_word' id='word_1_140' title='bbox 838 2953 957 3021; x_wconf 85' lang='lat' dir='ltr'><strong>Datum</strong></span> <span class='ocrx_word' id='word_1_141' title='bbox 980 2955 1134 3038; x_wconf 77' lang='lat' dir='ltr'><strong>Lugduni</strong></span> <span class='ocrx_word' id='word_1_142' title='bbox 1149 2953 1191 3020; x_wconf 82' lang='lat' dir='ltr'><strong>X.</strong></span> <span class='ocrx_word' id='word_1_143' title='bbox 1209 2953 1276 3021; x_wconf 79' lang='lat' dir='ltr'><strong>kal.</strong></span> <span class='ocrx_word' id='word_1_144' title='bbox 1292 2953 1394 3019; x_wconf 82' lang='lat' dir='ltr'><strong>Marti</strong></span> 
     </span>
     <span class='ocr_line' id='line_1_19' title="bbox 281 3061 906 3150; baseline 0 -22"><span class='ocrx_word' id='word_1_145' title='bbox 281 3061 503 3148; x_wconf 78' lang='lat' dir='ltr'><strong>(Pontificatus</strong></span> <span class='ocrx_word' id='word_1_146' title='bbox 519 3061 634 3150; x_wconf 83' lang='lat' dir='ltr'><strong>nostri)</strong></span> <span class='ocrx_word' id='word_1_147' title='bbox 651 3083 737 3130; x_wconf 83' lang='lat' dir='ltr'><strong>enno</strong></span> <span class='ocrx_word' id='word_1_148' title='bbox 753 3063 906 3131; x_wconf 84' lang='lat' dir='ltr'><strong>seeundo.</strong></span> 
     </span>
    </p>
   </div>
   <div class='ocr_carea' id='block_1_3' title="bbox 377 3233 1297 3314">
    <p class='ocr_par' dir='ltr' id='par_1_3' title="bbox 377 3233 1297 3314">
     <span class='ocr_line' id='line_1_20' title="bbox 377 3233 1297 3314; baseline -0.004 -20"><span class='ocrx_word' id='word_1_149' title='bbox 377 3237 436 3312; x_wconf 75' lang='lat' dir='ltr'><strong>(IV.</strong></span> <span class='ocrx_word' id='word_1_150' title='bbox 451 3237 537 3295; x_wconf 72' lang='lat' dir='ltr'><strong>Inone</strong></span> <span class='ocrx_word' id='word_1_151' title='bbox 549 3235 625 3312; x_wconf 61' lang='lat' dir='ltr'><strong>pipo</strong></span> <span class='ocrx_word' id='word_1_152' title='bbox 637 3235 823 3314; x_wconf 68' lang='lat' dir='ltr'><strong>Regesffibol</strong></span> <span class='ocrx_word' id='word_1_153' title='bbox 837 3235 962 3294; x_wconf 78' lang='lat' dir='ltr'><strong>Thoiner</strong></span> <span class='ocrx_word' id='word_1_154' title='bbox 975 3237 1012 3294; x_wconf 88' lang='lat' dir='ltr'><strong>id.</strong></span> <span class='ocrx_word' id='word_1_155' title='bbox 1026 3253 1064 3292; x_wconf 84' lang='lat' dir='ltr'><strong>nr.</strong></span> <span class='ocrx_word' id='word_1_156' title='bbox 1077 3235 1098 3292; x_wconf 91' lang='lat'><strong>1.</strong></span> <span class='ocrx_word' id='word_1_157' title='bbox 1112 3235 1171 3292; x_wconf 73' lang='lat' dir='ltr'><strong>hoc</strong></span> <span class='ocrx_word' id='word_1_158' title='bbox 1185 3233 1248 3291; x_wconf 75' lang='lat' dir='ltr'><strong>les,</strong></span> <span class='ocrx_word' id='word_1_159' title='bbox 1264 3233 1297 3304; x_wconf 90' lang='lat' dir='ltr'><strong>l.)</strong></span> 
     </span>
    </p>
   </div>
   <div class='ocr_carea' id='block_1_4' title="bbox 719 3535 963 3550">
    <p class='ocr_par' dir='ltr' id='par_1_4' title="bbox 719 3535 963 3550">
     <span class='ocr_line' id='line_1_21' title="bbox 719 3535 963 3550; baseline -0.008 0"><span class='ocrx_word' id='word_1_160' title='bbox 719 3535 963 3550; x_wconf 47' lang='lat' dir='ltr'><em>mmo-—</em></span> 
     </span>
    </p>
   </div>
   <div class='ocr_carea' id='block_1_5' title="bbox 0 0 1582 5030">
    <p class='ocr_par' dir='ltr' id='par_1_5' title="bbox 0 0 1582 5030">
     <span class='ocr_line' id='line_1_22' title="bbox 0 0 1582 5030; baseline 0 0"><span class='ocrx_word' id='word_1_161' title='bbox 0 0 1582 5030; x_wconf 95' lang='lat' dir='ltr'><strong> </strong></span> 
     </span>
    </p>
   </div>
  </div>
 </body>
</html>
