3220 5058
220 853 250 921 Α
265 855 357 942 pyb'rr'
371 852 523 940 kdptclua
540 875 595 940 epp
605 876 700 940 porea
715 854 882 919 lirroknatc
897 856 1126 943 dteapedeatrb'l
1139 855 1343 944 bizortysripot

691 962 745 1028 dd.
771 964 868 1027 1235.
1267 1007 1268 1012 =

326 1113 509 1227 Capitulum
536 1141 720 1208 lauriensis
746 1143 895 1210 Ecclesia
921 1143 1070 1210 omnibus
1097 1161 1233 1227 presens
1266 1145 1342 1211 scri·

219 1257 310 1336 ptum
326 1249 526 1335 inspecturis
542 1249 684 1319 salutem
700 1253 733 1316 in
749 1253 865 1317 salutis
882 1251 1047 1336 largitore.
1080 1251 1199 1318 Vestra
1214 1254 1342 1319 nouerit

145 1374 152 1386 ’
219 1357 415 1424 uniuersitcs
425 1407 434 1442 ,
450 1358 536 1440 quod
553 1359 688 1426 ueniens
705 1358 748 1424 ad
766 1366 911 1426 nostram
930 1362 1133 1446 presenciam
1152 1362 1341 1431 Macharias

219 1463 260 1531 de
276 1465 357 1532 uilla
372 1466 473 1532 Picud
487 1465 606 1532 bilotus
622 1468 813 1550 populorum
828 1467 954 1551 Regine
969 1487 1041 1535 cum
1058 1468 1181 1538 duobus
1196 1469 1340 1554 iobagio-

220 1573 318 1639 nibus
333 1572 529 1655 eorundem,
556 1592 629 1638 eum
643 1571 800 1638 Foreasio
817 1573 944 1640 seilicet
961 1583 994 1640 et
1009 1576 1146 1662 Nowla,
1171 1577 1342 1644 confessus

221 1686 273 1745 cst
288 1698 398 1745 coram
415 1679 519 1764 nobis,
537 1678 710 1761 quodcum
727 1686 886 1764 tempore,
903 1699 967 1762 quo
977 1682 1159 1769 Aindreas)
1172 1685 1242 1749 Rex
1253 1683 1342 1749 Hun-

222 1789 313 1872 garie
338 1783 503 1872 protectus
529 1791 619 1852 esset
634 1785 668 1850 in
683 1791 794 1870 partes
811 1787 1065 1872 ultramarinas,
1091 1789 1263 1857 habuisset
1278 1789 1342 1857 dis·

221 1893 366 1962 cordiam
381 1915 455 1960 cum
471 1893 699 1977 iobagionibus
716 1894 913 1978 monasterij¹
924 1895 1039 1962 Sancti
1058 1895 1191 1962 Martini
1214 1895 1342 1962 nomine

220 2003 373 2069 Mocheus
398 2009 433 2069 et
457 2003 585 2088 Suprun
611 2021 710 2086 super
734 2001 875 2085 quadam
902 2002 1030 2069 modica
1056 2011 1143 2069 terra
1169 2004 1341 2070 occasione

219 2119 303 2176 terre
318 2110 510 2195 populorum
526 2109 672 2194 Regino,
700 2115 732 2176 et
758 2109 864 2194 ipsam
891 2116 1010 2176 terram
1026 2111 1184 2178 nominati
1200 2109 1243 2176 Μ.
1260 2120 1294 2178 et
1308 2113 1342 2178 S.

218 2219 415 2304 probassent
439 2237 514 2284 esse
539 2235 633 2284 suam
658 2217 908 2303 hereditariam3
936 2217 1016 2304 quia
1038 2219 1283 2304 prenominatus
1299 2219 1341 2285 Μ.

219 2328 340 2394 bilotus
366 2346 438 2393 cnm
464 2326 532 2394 suis
559 2325 659 2410 socijs
680 2326 819 2393 eandem
835 2332 956 2392 terram
974 2345 1084 2394 coram
1101 2329 1211 2395 multis
1226 2327 1341 2394 nobili-

218 2433 347 2502 bus-
362 2469 466 2486 ---
482 2435 523 2500 M.
549 2442 581 2499 et
606 2435 637 2501 S.
662 2435 918 2518 sepenominatis
943 2437 1093 2520 permisit
1118 2437 1220 2504 libere
1236 2437 1341 2522 possi-

220 2543 308 2629 dere,
326 2563 423 2626 snper
439 2562 502 2627 quo
519 2562 539 2608 a
555 2541 648 2609 nobis
664 2543 792 2610 litteras
808 2543 1048 2611 testimoniales
1064 2543 1137 2612 dari
1152 2544 1343 2628 postulauit.

218 2652 288 2720 Nos
303 2652 401 2736 igitur
425 2649 574 2717 uidentes
598 2650 703 2736 ipsius
727 2651 846 2716 iustam
878 2651 1081 2738 peticionem,
1108 2651 1342 2740 prenominatis
1388 2679 1391 2684 ·

197 2807 202 2816 -
220 2761 263 2826 Μ.
281 2766 314 2826 et
330 2759 363 2826 S.
380 2760 493 2825 literas
510 2766 680 2843 presentes
695 2758 796 2842 sigilli
813 2757 959 2844 Capituli
984 2764 1086 2828 nostri
1102 2760 1277 2828 munimine
1292 2777 1342 2824 ro·
1419 2809 1433 2834 .

220 2869 354 2934 boratas
380 2869 601 2934 concessimus
625 2868 842 2933 memoriales.
875 2868 995 2952 Incipit
1010 2875 1118 2936 autem
1133 2869 1240 2955 prima
1255 2873 1343 2934 meta

221 2975 365 3042 eiusdem
382 2982 469 3041 terre
484 2974 519 3040 in
535 2973 680 3058 quadam
696 2975 785 3042 ualle
800 2976 938 3060 paruula
948 2975 1035 3042 infra
1044 2995 1142 3044 unam
1152 2975 1343 3058 maceriam3

221 3085 313 3152 cuins
329 3085 544 3152 commetanei
560 3091 635 3150 sunt
650 3083 709 3170 filij
727 3084 820 3151 Kena
836 3085 979 3152 scilicet:
1007 3084 1110 3170 Osln,
1127 3085 1246 3167 Wata,
1263 3081 1343 3147 (lhe-

221 3209 347 3280 panus;
374 3195 452 3262 inde
477 3193 581 3260 tendit
605 3213 782 3278 parumper
805 3212 865 3278 per
891 3199 996 3260 metas
1021 3211 1138 3260 uersus
1153 3196 1294 3256 montem
1311 3196 1345 3255 et

222 3301 364 3368 declinat
388 3320 505 3368 uersus
531 3299 753 3384 occidentem,
780 3306 814 3366 et
832 3297 924 3364 uadit
939 3319 998 3383 per
1014 3307 1119 3365 metas
1135 3315 1239 3380 usqne
1254 3297 1343 3364 uiam

222 3427 283 3493 qne
299 3417 436 3474 uocatur
453 3407 607 3493 salifora5
633 3407 709 3473 inde
733 3405 825 3472 uadit
848 3407 939 3472 iuxta
954 3405 1154 3471 nominatam
1169 3404 1258 3470 niam
1273 3423 1343 3473 uer-

223 3535 278 3584 sus
295 3517 451 3584 orientem
467 3535 573 3598 usque
589 3517 632 3582 ad
648 3511 813 3597 quandam
830 3511 990 3578 fossatam
1007 3532 1171 3597 magnam,
1182 3530 1280 3595 quam
1297 3509 1342 3579 di·

223 3624 306 3691 uidit
320 3623 468 3710 predicta
484 3642 605 3708 magna
620 3623 675 3688 uia
691 3641 750 3706 per
765 3619 925 3706 medium,
953 3628 985 3688 et
1010 3620 1055 3688 ibi
1080 3627 1154 3686 sunt
1169 3627 1273 3706 mete,
1291 3621 1344 3689 cui

223 3730 438 3800 commetanei
453 3736 527 3794 sunt
543 3728 680 3814 (lapsas,
698 3734 731 3794 et
745 3729 939 3814 Forcasius3
957 3728 1032 3796 inde
1048 3731 1141 3796 uadit
1156 3729 1248 3796 iuxta
1263 3749 1341 3797 ean-

222 3841 296 3908 dem
320 3838 479 3906 fossatam
495 3837 539 3904 ad
554 3856 709 3920 magnam
726 3837 812 3905 uiam
830 3855 893 3922 que
908 3843 1043 3905 vocatur
1058 3839 1201 3924 Symgan
1219 3834 1341 3925 (Symi-

222 3943 373 4032 graneis),
390 3954 422 4012 et
437 3945 482 4011 ibi
499 3953 573 4013 sunt
589 3951 683 4021 mete,
695 3945 750 4012 ubi
768 3944 831 4011 due
849 3945 1035 4012 diuiduntur
1049 3944 1102 4012 uie
1118 3965 1177 4030 per
1194 3964 1340 4028 crucem;

222 4055 297 4123 inde
312 4053 417 4122 tendit
433 4073 532 4139 super
546 4053 652 4137 ipsam
668 4051 754 4118 uiam
771 4071 886 4121 uersus
902 4053 1012 4120 Boecn
1028 4071 1133 4136 usque
1157 4051 1201 4118 ad
1225 4070 1341 4137 preno-

221 4165 379 4230 minatam
404 4161 546 4246 nallem,
572 4167 606 4226 et
630 4159 675 4224 ibi
700 4169 775 4226 sunt
801 4161 1016 4228 commetanci
1031 4160 1145 4246 populi
1159 4159 1341 4244 BagineA

221 4289 357 4354 quorum
373 4269 539 4336 uicinitate
555 4267 642 4334 diota
657 4275 746 4335 terra
761 4276 811 4338 est
827 4278 1001 4356 separata,
1019 4269 1064 4355 hij
1085 4273 1178 4336 sunt:
1196 4264 1340 4349 chotun,

220 4371 1340 4467 nyuan,0dun‚ntyenseroluomaumannogracielimentinus

375 4521 521 4596 (Ercdetie
541 4537 558 4576 a
577 4519 782 4576 saentmtirtoni
801 4519 953 4592 stapitstg
972 4517 1186 4590 leveltarttban).

659 4657 830 4665 ...Μ
1150 4674 1191 4744 ὃ,
