3220 5058
697 325 858 437 ,1.5.-

219 539 377 609 reducunt
392 533 435 602 ad
450 529 605 618 propria,
631 523 780 593 dominus
797 521 911 588 Abbas
926 519 1055 583 tenetur
1071 511 1151 578 dare
1167 525 1284 593 equum
1300 503 1344 572 ad

219 645 411 713 trahendum
437 659 504 706 eas.
533 639 617 704 Item
632 637 781 700 tenentur
797 627 918 714 piseuri
934 623 1021 692 omni
1037 637 1179 701 congruo
1195 624 1342 701 tempore

219 772 341 823 usones
356 746 555 817 monasterio
581 763 653 812 oum
678 739 804 806 retibus
827 733 953 820 parutis
968 750 1028 818 per
1044 729 1134 812 ipsos
1150 725 1192 793 de
1207 723 1263 790 filo
1277 739 1343 788 mo

219 859 366 929 nasterii.
384 860 465 923 item
474 857 632 920 tenentur
648 849 728 916 dare
743 848 852 932 pisces
868 841 1022 913 fratribus
1038 837 1083 904 ad
1099 833 1161 900 XL
1176 831 1343 912 santellas,

221 970 347 1038 scilieet
371 964 415 1031 ad
439 961 621 1048 quamlibet
646 955 816 1026 sonteliam
838 951 901 1017 duo
917 949 1041 1034 optima
1055 945 1160 1012 frusta
1175 941 1264 1009 omni
1279 938 1342 1004 die.

219 1079 301 1144 Item
311 1075 391 1144 dant
401 1063 793 1160 proouraeionesdomino
803 1058 937 1128 Abbati.
950 1045 1106 1124 Preterea
1122 1051 1202 1118 dant
1218 1049 1341 1116 liberas

220 1185 365 1253 decimas
389 1177 599 1248 monasterio.
630 1173 712 1240 Item
735 1169 816 1235 dant
834 1168 950 1232 bouem
966 1165 1126 1232 triennem
1142 1155 1341 1226 oumbrasio

221 1300 253 1362 et
268 1311 355 1360 anno
371 1324 416 1336 -
430 1323 475 1334 -
491 1285 536 1351 ad
552 1284 670 1350 festum
687 1276 799 1346 Sancti
814 1272 956 1341 Martini.
988 1272 1030 1338 Et
1054 1271 1116 1336 hee
1142 1268 1223 1336 villa
1241 1263 1343 1334 habet

219 1429 502 1448 -----
517 1389 560 1459 ad
570 1387 687 1472 viginti
703 1389 825 1464 aratra,
845 1388 878 1448 et
893 1379 979 1446 ultra
989 1375 1176 1445 Danubium
1192 1373 1236 1442 ad
1251 1371 1342 1458 qnin-

221 1528 282 1594 que
299 1512 412 1573 aratra
427 1521 499 1568 oum
514 1496 663 1586 pluribus
680 1491 773 1560 metis
790 1487 1022 1556 oireumdatam
1048 1491 1080 1552 et
1106 1489 1157 1550 est
1173 1481 1343 1550 contermi-
1360 1505 1362 1510 ·

220 1617 306 1686 naiis
322 1633 394 1683 eum
411 1608 476 1692 hijs
492 1605 598 1675 villis:
618 1603 732 1684 Gonu,
749 1597 900 1676 Huoobe,
917 1592 1033 1678 Guud,
1049 1628 1093 1638 —
1107 1627 1162 1669 ·-,
1178 1589 1342 1674 Vrueang.

325 1723 365 1788 In
374 1715 488 1806 predio
497 1715 522 1782 Z
532 1733 583 1781 oa
598 1712 660 1777 hee
676 1714 752 1777 sunt
766 1704 900 1773 nomina
909 1699 1107 1786 equestrium
1117 1697 1341 1765 seruieneium:

220 1832 308 1900 Wnd
322 1853 665 1876 ------
682 1815 736 1900 qui
761 1831 833 1881 eum
852 1831 913 1878 sua
928 1808 1128 1894 eognaeione
1144 1811 1255 1892 preter
1270 1823 1344 1888 par·

221 1942 314 2006 uulos
331 1943 363 2003 et
377 1935 514 2022 iuuenes
530 1930 575 1996 VI
591 1923 792 1994 mansiones.
802 1921 844 1988 ut
859 1917 914 1987 isti
930 1925 1079 1986 tenentur
1094 1915 1137 1982 ad
1153 1915 1262 1982 omnia
1277 1932 1344 1980 ser·

221 2047 310 2115 uioia
325 2063 397 2110 eum
414 2037 620 2122 equestribus
636 2033 677 2101 de
693 2027 834 2117 Hymud.
859 2027 901 2094 Et
915 2027 972 2094 isti
987 2025 1109 2092 babent
1123 2029 1242 2090 terram
1258 2041 1344 2089 eoru-

220 2171 350 2220 munem
369 2168 442 2217 oum
460 2145 573 2232 predio
588 2140 757 2228 Veynuoh.
877 2216 881 2224 Ι

330 2257 370 2324 In
385 2254 499 2341 predio
511 2251 623 2335 Olup
638 2249 699 2314 hee
715 2250 790 2314 snut
801 2246 933 2313 nomina
945 2237 1175 2328 jobugiou'nm:
1187 2237 1345 2322 Laustab,

222 2369 372 2445 Morum,
389 2361 567 2446 Ybrabyn‚
584 2355 726 2440 Paulus,
750 2385 1032 2401 -----
1057 2368 1128 2415 oum
1144 2345 1346 2431 eognaoione

221 2480 331 2563 preter
355 2470 510 2558 paruulos
535 2474 568 2532 et
593 2465 731 2531 iuuenes
756 2467 831 2528 sunt
856 2461 901 2528 VI
925 2460 1131 2542 mansiones;
1150 2462 1183 2523 et
1198 2455 1254 2522 isti
1268 2458 1346 2522 sunt

221 2583 316 2652 liberi
348 2587 381 2646 et
405 2581 553 2644 tenentur
568 2573 717 2640 Eeeiesie
749 2570 871 2638 seruire
901 2570 935 2635 in
964 2563 1202 2652 legaoionibns‚
1232 2570 1345 2630 tamen

224 2692 259 2758 in
290 2687 446 2773 expensis
477 2681 638 2751 Eoelesie.
669 2681 707 2747 In
739 2677 853 2746 eodem
883 2673 996 2761 predio
1028 2674 1088 2739 beo
1113 2678 1188 2740 sunt
1213 2669 1347 2738 nomina

220 2799 431 2886 jobagionum
449 2793 668 2878 equestrium:
684 2787 837 2871 Zumbur‚
853 2783 924 2868 Bul,
940 2783 1032 2867 Paul,
1049 2780 1185 2865 Woska,
1201 2779 1258 2862 qui
1273 2797 1345 2844 enm

225 2927 285 2975 sua
300 2903 504 2993 eognaoione
519 2922 1156 2947 -----------
1169 2883 1345 2954 seeundum
1395 2869 1401 2881 ’

224 3013 446 3082 assessionem
471 3027 580 3076 eorum
607 3005 730 3072 debent
753 3007 885 3088 portare
904 3001 1015 3067 vinum
1032 2997 1074 3063 de
1090 2995 1239 3082 Symigio
1255 2999 1289 3062 et
1304 2994 1345 3061 de

223 3121 306 3188 Zaia
336 3155 381 3168 -
405 3155 449 3166 -
476 3151 521 3162 -
549 3113 695 3180 erunibus
710 3117 744 3178 et
758 3107 974 3191 animalibus,
990 3111 1024 3171 et
1039 3105 1161 3172 debent
1175 3103 1223 3170 ire
1239 3103 1282 3172 ad
1298 3103 1344 3168 le·

210 3228 381 3315 ⁴gaeiones
397 3227 431 3292 in
451 3223 592 3312 propriis
609 3221 711 3305 equis,
736 3217 771 3282 in
796 3215 951 3301 expensis
969 3218 1080 3280 tamen
1095 3209 1296 3295 monasterii,
1313 3215 1347 3276 et

223 3333 573 3422 proourantAbbatem
586 3326 798 3397 eommuniter
814 3345 888 3391 eum
903 3321 993 3390 villa.
1009 3321 1087 3386 Alia
1103 3317 1244 3386 seminia
1260 3317 1346 3385 siout

224 3445 266 3512 de
281 3443 433 3510 Temerut
447 3477 493 3490 ·-
508 3475 553 3489 --
568 3475 622 3505 —.
639 3439 679 3504 In
695 3433 810 3502 eodem
825 3430 939 3516 predio
955 3428 1016 3496 beo
1033 3433 1108 3494 sunt
1122 3463 1167 3474 -
1182 3463 1226 3474 --
1241 3463 1286 3474 -
1301 3461 1345 3472 -

223 3569 1165 3600 ----------------
1180 3543 1255 3604 sunt
1270 3539 1346 3603 ooto

224 3660 423 3727 mansiones.
450 3658 494 3724 Et
517 3656 574 3722 isti
598 3659 748 3720 tenentur
763 3647 806 3714 ad
821 3645 930 3714 omnia
945 3644 1086 3713 seruicia
1103 3644 1189 3712 sieut
1204 3645 1263 3711 aiii
1276 3644 1348 3731 pul·

223 3772 360 3834 satores.
376 3765 447 3830 Heu
461 3768 537 3830 sunt
552 3759 683 3828 nomina
697 3755 925 3826 saeriferorum
940 3755 974 3822 in
991 3753 1107 3822 eodem
1122 3753 1257 3840 predio:
1275 3753 1344 3821 Ha·

224 3872 313 3954 laad,
327 3869 450 3957 (ischa,
463 3867 596 3954 Bu'ehtq
614 3866 668 3952 qui
684 3887 757 3935 oum
773 3885 834 3933 sua
850 3865 1050 3950 oognaeione
1065 3869 1175 3950 preter
1189 3861 1345 3950 paruulos

224 4125 268 4139 —-
290 4087 427 4156 -milia
442 4088 583 4156 seruioia
597 4106 670 4154 oum
686 4086 762 4156 aliis
778 4084 955 4154 saeriferis.
980 4083 1023 4150 Et
1047 4083 1108 4152 heo
1132 4083 1212 4152 vilia
1228 4099 1345 4150 seeun-

225 4197 300 4265 dum
318 4215 520 4266 oommuuem
537 4194 836 4264 consideracionem
861 4193 1038 4264 nieinornm
1053 4191 1153 4260 babet
1166 4198 1287 4259 terram
1303 4185 1345 4257 ad

224 4305 340 4392 viginti
356 4313 469 4374 aratra
485 4323 557 4371 eum
567 4303 716 4388 pluribus
725 4302 820 4369 metis
831 4300 1047 4386 oiroumdata3
1064 4305 1096 4368 et
1111 4307 1162 4368 est
1177 4295 1347 4366 oontermi·

222 4415 309 4482 nalis
325 4433 398 4482 oum
414 4413 481 4501 hijs
496 4410 606 4482 viliis:
622 4411 725 4496 Buun‚
742 4417 776 4477 et
793 4409 874 4476 villa
888 4407 1045 4493 Magadia
1060 4407 1101 4476 de
1117 4426 1226 4492 gen-
1241 4438 1287 4458 --·
1300 4435 1347 4458 -·-

224 4555 686 4572 ————————
700 4519 857 4588 rinitores
872 4551 916 4566 -
932 4551 976 4565 —-
991 4549 1036 4564 -
1051 4549 1096 4564 -
1110 4551 1156 4564 --
1170 4550 1216 4564 -
1229 4515 1346 4584 -heo

220 4639 296 4699 sunt
310 4633 443 4700 nomina
457 4664 502 4682 ·-
517 4663 562 4682 --
577 4631 742 4715 -Petnn
757 4629 877 4715 Rypol,
893 4627 993 4712 obus,
1010 4625 1146 4710 ungor,
1162 4625 1271 4708 Petne,
1289 4623 1345 4708 qui
1395 4601 1397 4606 ⁵
