3140 5044
295 919 446 988 teneaat
462 919 684 1004 Endreficionl
703 921 734 986 6⁸
759 917 893 984 Yezdrea
917 916 1111 1004 moveant,
1134 919 1243 1002 Mitt,
1272 919 1418 1006 Tutores,

298 1031 391 1096 Puer
407 1032 438 1095 en
454 1031 546 1094 Mat
558 1027 679 1112 fieival
693 1026 852 1114 beeuttjctk
865 1026 955 1094 Han
975 1026 1152 1114 edrmeyyei
1175 1025 1246 1092 Aba
1261 1040 1339 1095 aevu
1346 1027 1418 1112 fo't

339 1135 441 1202 detta
449 1136 543 1202 Mitto
557 1134 690 1222 zdlyomi
703 1133 864 1221 inponent
878 1132 1081 1202 antodinnk.
1099 1136 1197 1200 1252.
1213 1134 1300 1222 apert
1313 1135 1368 1200 25.

400 1314 483 1382 Belo
498 1313 561 1380 Dei
576 1314 685 1400 gratia
701 1314 863 1398 Ragonio,
886 1311 1070 1400 Dalmaoie,
1087 1313 1276 1402 (thomasie,
1297 1315 1416 1398 Reme,

292 1421 419 1505 Seruio,
435 1421 583 1506 Gallicis,
595 1420 798 1502 Lodomerie,
814 1420 1115 1506 GomaniequeRex
1128 1421 1278 1490 omnibus
1294 1421 1419 1490 Christi

297 1527 447 1596 fidelibus
480 1537 650 1615 presentes
690 1529 819 1598 litteras
851 1528 1047 1614 inspecturis
1064 1529 1205 1598 salutem
1224 1531 1259 1600 in
1274 1529 1417 1596 omnium
1535 1604 1540 1614 ,

161 1667 164 1672 ·
296 1634 470 1704 salvatore.
501 1637 662 1716 Quoniam
687 1657 746 1724 pro
773 1638 869 1722 lapsu
896 1643 1077 1723 temporum
1101 1639 1148 1704 rei
1172 1641 1266 1720 geste
1291 1636 1415 1704 veritas

296 1741 450 1811 deuenire
477 1745 645 1812 eonsueuit
672 1743 705 1810 in
727 1741 879 1828 dubium,
901 1741 1044 1826 diligens
1068 1741 1210 1811 humane
1233 1742 1413 1830 prouiden-

294 1852 344 1920 oie
364 1850 554 1920 studiositas
577 1850 730 1934 inoleuit,
754 1859 858 1936 ntea,
884 1870 948 1936 que
971 1853 1135 1936 geruntur,
1160 1851 1343 1919 litterarum
1367 1857 1416 1916 te·

294 1959 446 2025 stimonio
465 1941 665 2026 roborentur.
681 1957 817 2026 Proinde
837 1957 880 2024 ad
901 1957 1124 2026 uniuersorum
1134 1964 1200 2024 tam
1209 1957 1415 2046 presencium

294 2084 391 2150 quam
426 2072 630 2151 posterorum
662 2065 815 2132 noticiam
839 2065 1010 2150 peruenire
1033 2065 1182 2134 volumus
1205 2067 1412 2153 presencium

292 2191 352 2258 per
383 2181 546 2258 tenorem,
581 2175 667 2258 qnod
691 2173 910 2241 Leuetaohius
933 2193 1009 2241 eum
1039 2172 1190 2242 filiosuo
1214 2173 1348 2241 Andrea
1378 2179 1413 2238 et

296 2278 395 2352 fratre
421 2300 481 2348 suo
501 2280 646 2348 Yezdres
657 2329 666 2363 ,
706 2283 823 2366 Myeov
838 2279 927 2348 fitius
950 2282 1106 2368 Tyburoy
1130 2303 1202 2350 eum
1219 2280 1295 2350 titiis
1311 2317 1354 2328 —
1369 2315 1415 2326 -

297 2387 394 2454 Petro
419 2394 452 2454 et
474 2387 626 2472 Matheo,
660 2389 851 2473 jobagionee
872 2390 971 2456 eastri
995 2389 1174 2460 Huntensis
1198 2388 1239 2456 de
1263 2388 1359 2473 Abay
1381 2387 1415 2450 in

296 2501 410 2562 nostra
433 2496 587 2580 peseneia
612 2497 776 2563 eonstituti
801 2499 966 2580 quendem
990 2503 1109 2565 terram
1134 2515 1225 2562 suam
1251 2493 1414 2562 heredita-

294 2599 377 2666 riam
400 2601 530 2668 nomine
545 2603 619 2668 Aba
635 2603 666 2668 in
692 2602 854 2670 Comitatu
872 2603 1034 2672 Huntensi
1050 2605 1243 2672 existentem
1260 2621 1332 2668 eum
1347 2621 1413 2668 om-

294 2707 388 2776 nibus
420 2709 612 2776 utilitatibus
629 2717 660 2777 et
686 2711 897 2796 pertinenciis
912 2710 982 2780 suis
998 2709 1214 2778 vendiderunt
1243 2709 1362 2776 dilecto
1380 2714 1414 2773 et

295 2815 384 2884 fideli
399 2824 510 2884 nostro
542 2819 659 2906 Myoov
676 2819 793 2888 comiti
824 2819 866 2885 de
891 2819 1003 2886 Zotum
1021 2825 1054 2886 et
1069 2817 1137 2886 suis
1169 2815 1415 2886 suecessoribus

294 2945 353 3010 pro
369 2925 504 3011 triginta
528 2925 648 2994 marcis
673 2925 802 3010 argenti
819 2945 884 2990 vna
899 2925 1023 3006 minue,
1048 2925 1118 2992 iure
1142 2925 1239 3010 pleno
1256 2928 1413 3009 perpetuo

294 3031 546 3119 possidendam,
572 3039 603 3098 et
642 3033 747 3118 ipsum
781 3052 942 3100 summam
974 3033 1111 3118 peeunie
1136 3033 1179 3100 ab
1205 3031 1320 3099 eodem
1344 3030 1412 3115 My-

294 3161 356 3208 eov
371 3138 496 3206 Gemite
512 3140 661 3225 plenarie
676 3147 868 3225 receperunt
883 3159 992 3207 eoram
1003 3140 1098 3208 nobis
1108 3141 1340 3207 renunciantes
1356 3155 1412 3201 en·

296 3245 442 3334 eepoioui
459 3265 524 3314 non
547 3253 715 3314 numerate
731 3249 879 3333 peonnie.
896 3247 934 3312 In
950 3248 1040 3314 euius
1056 3249 1105 3314 rei
1130 3247 1351 3314 testimouium
1367 3244 1412 3309 ei-

295 3355 370 3422 dem
386 3357 503 3442 Myeov
526 3355 644 3422 Gomiti
660 3366 829 3440 presentes
845 3354 995 3424 dedimus
1011 3355 1138 3421 litterae
1148 3353 1287 3439 duplicis
1312 3349 1415 3434 sigilli

294 3464 398 3531 nostri
422 3462 596 3530 munimine
621 3461 802 3530 roboratas
827 3462 948 3529 Datum
959 3479 1045 3527 anno
1073 3460 1244 3528 Dominiee
1260 3460 1413 3526 Inoama·

296 3571 399 3638 eionis
431 3569 604 3636 millesimo
629 3568 850 3638 dueentesimo
875 3565 1317 3653 quinquagesimo's'eound0‚
1334 3563 1415 3630 VII⁰

296 3677 456 3744 kalendas
471 3677 550 3762 May
560 3726 568 3760 ,
592 3695 678 3742 anno
702 3681 810 3743 autem
831 3675 936 3760 Regni
951 3673 1052 3742 nostri
1069 3671 1194 3739 deeimo
1210 3677 1337 3739 octauo.
1354 3667 1414 3756 (i).

404 3853 513 3922 teperet.
534 3849 668 3905 Eredetie
694 3848 870 3920 borhtrtya‚
892 3848 1024 3920 melynek
1049 3847 1107 3903 alol
1120 3844 1270 3918 ftilhajtott
1293 3843 1414 3900 iraeade-

294 3940 391 3999 kaibol
416 3947 500 3998 noros
525 3939 557 3996 es
570 3939 655 4011 sarge
669 3937 778 3995 fodrott
790 3939 941 4011 nelyemrtt
954 3937 1043 4009 tuggo
1056 3935 1172 4010 poesete
1184 3934 1303 3992 hosonio
1322 3933 1416 3989 ahhou

239 4013 243 4022 '
298 4021 1415 4104 melyPrtyffleSigitlis,uao.v.fig.2.)munktjtban1tthsto,mathogy
1549 4113 1551 4116 ι

298 4119 384 4180 melei
398 4119 601 4176 ettttredentelr.

521 4225 560 4298 (A
572 4226 679 4284 uetiti
692 4225 887 4286 levelttrbsnr
906 4224 942 4282 A.
955 4225 989 4281 L,
1002 4243 1030 4282 n.
1044 4223 1069 4279 7.
1084 4213 1179 4294 liudp.)
