3154 5030
210 927 270 999 ιν.
287 932 378 1000 rme
386 935 479 1022 papa
495 931 649 998 ratmont
664 931 896 1020 soporos-uc,
914 887 1123 1019 'umorue
1136 933 1216 1016 tuo,
1247 931 1329 1021 copy

414 1061 453 1106 aa
468 1041 585 1128 epyddc
601 1037 769 1128 epycdpetdl
784 1037 813 1103 et
828 1061 867 1104 ue
881 1037 997 1125 dlip'ou.
1014 1040 1113 1106 1245.

316 1211 525 1287 Innocentius
540 1219 724 1303 Episcopus
740 1225 800 1286 eto.
810 1218 934 1284 illustri
949 1217 1149 1286 colomanno
1166 1217 1199 1285 in
1208 1217 1329 1304 Briga·

210 1324 261 1391 ria
285 1326 478 1413 imperanti,
502 1325 609 1394 Deum
636 1326 772 1413 diligere
797 1326 965 1392 ettimere.
994 1324 1074 1393 Oum
1101 1325 1203 1393 simus
1230 1345 1329 1413 super

209 1431 399 1518 apostolice
430 1434 529 1504 Sedis
553 1436 722 1519 speculam
759 1432 943 1517 constituti,
983 1434 1192 1501 vehementer
1216 1433 1329 1501 dolere

212 1543 355 1627 cogimur
373 1549 406 1608 et
421 1543 564 1626 turbari,
588 1562 660 1609 cnm
676 1563 697 1607 a
713 1541 821 1626 capito
837 1560 895 1608 suo
905 1540 1050 1607 membra
1060 1539 1201 1623 quedam
1216 1540 1330 1610 videa·

213 1669 285 1716 mus
303 1668 376 1718 csse
391 1647 511 1733 divisa,
530 1667 651 1730 sueque
662 1647 832 1714 divisionis
847 1647 1022 1732 dampnum
1039 1653 1207 1730 tamquam
1224 1650 1331 1716 morti·

210 1755 309 1824 ficata
324 1777 390 1823 non
406 1756 573 1842 plangere,
592 1776 652 1822 nec
669 1756 798 1822 sentire.
814 1754 941 1841 Nempe
957 1753 1211 1822 orthodoxorum
1229 1755 1330 1822 nomi·

214 1883 290 1930 nem
306 1863 470 1931 credimus
486 1863 551 1932 iam
577 1865 692 1948 latere,
717 1881 813 1929 unum
828 1863 862 1929 in
878 1864 972 1931 terris
989 1868 1086 1948 caput
1101 1881 1176 1929 esse
1193 1868 1332 1928 tantum-

212 1971 319 2057 modo,
336 1990 377 2041 ex
393 1991 457 2056 qno
474 1978 575 2039 totum
586 1991 704 2056 corpus
719 1968 902 2038 contexitur
918 1969 1090 2038 militantis
1106 1969 1265 2050 Ecclesia,
1281 1991 1331 2037 re-

212 2097 283 2146 rum
307 2077 341 2145 id
355 2079 507 2164 exigente
531 2085 668 2164 natura,
695 2098 758 2163 que
774 2097 903 2164 corpus,
924 2077 952 2144 ei
967 2076 1119 2146 habuerit
1134 2077 1198 2144 duo
1209 2077 1329 2163 capita,

211 2186 333 2253 iudicat
353 2193 610 2254 monstruosum:
631 2185 747 2272 probat
759 2187 820 2254 hoc
830 2185 916 2252 idem
926 2185 1010 2252 ratio
1021 2185 1219 2272 exemplaris
1227 2185 1331 2266 eterni

209 2295 301 2360 iuxta
312 2293 400 2380 quod
418 2293 611 2360 militantem
632 2293 812 2362 Ecclesiam
823 2293 884 2361 sub
904 2299 1040 2378 utroque
1056 2301 1203 2378 tempore
1222 2291 1331 2378 dispo·

209 2403 414 2488 nendamper
423 2401 666 2469 instructionem
677 2403 902 2488 evangelicam
912 2400 1027 2468 didicit
1037 2401 1215 2488 legislator,
1227 2401 1331 2467 Paulo

209 2509 367 2595 Apostolo
391 2508 569 2577 referente:
589 2509 672 2578 Vide
688 2510 806 2594 omnia,
823 2509 924 2578 facito
940 2509 1032 2578 iuxta
1043 2509 1222 2594 exemplar,
1243 2509 1331 2591 quod

212 2615 271 2684 tibi
280 2617 314 2682 in
324 2625 433 2684 monte
453 2623 667 2684 monstratum
679 2625 738 2701 est,
753 2617 808 2685 ubi
817 2619 932 2685 diuina-
939 2617 1154 2704 dispositione
1168 2613 1333 2682 lerarchie

211 2723 388 2814 permedia
407 2725 886 2812 ultimaipsaqueperprimam
896 2723 1069 2794 mediatori
1100 2726 1240 2792 omnium
1256 2743 1332 2793 oon·

211 2841 390 2901 vomuntur.
399 2832 494 2912 Quod
508 2833 699 2901 imitandum
710 2832 779 2900 sore
791 2835 976 2900 necessario
985 2832 1207 2920 peregrinanti
1218 2831 1331 2899 Eccle-

213 2941 271 3024 sie,
288 2943 448 3028 scriptura
465 2961 564 3010 sacra
581 2949 648 3010 tam
663 2939 786 3028 dgnris,
804 2959 900 3024 quum
916 2943 1041 3027 apertis
1066 2937 1263 3008 testimoniis
1278 2959 1329 3007 as-

215 3047 294 3114 serit
309 3054 408 3131 atque
417 3049 545 3134 probat.
557 3047 650 3116 Unus
680 3046 787 3115 Adam
806 3047 980 3134 deputatus
996 3047 1040 3115 ad
1050 3068 1132 3135 opus
1142 3057 1176 3115 et
1192 3045 1332 3116 eustodi-

213 3173 267 3221 am
296 3154 465 3241 paradisi,
487 3175 585 3223 unam
612 3163 664 3224 est
694 3155 828 3225 sortitus
859 3175 1002 3240 uxorem,
1033 3175 1132 3223 unum
1157 3153 1331 3223 Dominum

211 3263 326 3332 desum
350 3263 513 3333 Christum
536 3263 710 3332 iniustitia
736 3275 768 3331 et
784 3264 932 3332 veritatis
959 3262 1148 3331 sinceritate
1174 3269 1329 3346 creatum,

213 3367 421 3456 eiusdemque
439 3391 537 3440 unum
554 3373 698 3440 interris
716 3370 884 3454 ricarium,
900 3377 933 3439 et
950 3371 1079 3437 unicam
1089 3370 1159 3437 eius
1175 3387 1331 3454 sponsam

212 3475 395 3548 Ecclesiam
410 3479 625 3566 prefigurans,
642 3479 775 3548 doctore
784 3477 929 3565 gentium
939 3483 1128 3547 attestante.
1138 3477 1332 3545 Sacramen-

212 3594 280 3664 tum
294 3588 366 3674 hoo,
384 3589 508 3674 iuquit,
544 3609 698 3676 magnum
715 3595 765 3657 est
774 3639 784 3674 ,
809 3607 871 3674 ego
887 3593 994 3655 autem
1013 3587 1084 3654 dico
1100 3588 1134 3655 in
1150 3584 1279 3656 Christo
1295 3591 1329 3654 et

213 3695 245 3764 in
261 3695 424 3766 Ecclesia.
441 3696 581 3765 Lemecb
596 3697 789 3783 vero,quod
804 3697 1007 3790 humiliatum
1024 3702 1120 3764 sonat
1129 3745 1138 3780 ,
1162 3693 1238 3762 dum
1253 3715 1331 3764 uxo·

212 3825 280 3874 rem
296 3821 394 3875 unam
411 3802 523 3874 divisit
539 3805 573 3874 in
588 3803 679 3890 duae,
704 3803 934 3893 sanguinarius
950 3810 1001 3872 est
1016 3801 1159 3890 effeetus,
1175 3808 1210 3870 et
1225 3803 1332 3886 virum

212 3915 247 3983 iu
262 3915 378 3983 vuinus
396 3930 489 3983 suurn
499 3915 627 3998 oceidit,
637 3916 680 3984 ad
690 3916 793 3983 instar
804 3913 914 4000 onius,
925 3915 979 4000 qui
990 3912 1163 3983 ecclesiam
1178 3911 1330 3982 scindunt

212 4023 362 4093 occidunt
392 4021 520 4093 animos
535 4025 753 4109 parvulorum.
785 4021 912 4091 Deinde
944 4021 1061 4091 salutis
1076 4040 1188 4090 arcam
1203 4025 1330 4091 tantum

213 4149 311 4201 unam
326 4130 429 4202 tuisse
443 4133 593 4221 legimus,
627 4151 690 4216 que
705 4137 822 4200 cuncta
838 4136 990 4200 vastante
1004 4127 1141 4220 diluvio,
1157 4129 1220 4196 sub
1235 4129 1330 4196 unius

213 4240 399 4332 patriarche
413 4238 547 4328 remigis
570 4245 741 4327 potentatu
764 4238 1026 4327 paucasanimas
1046 4237 1106 4307 sub
1121 4235 1332 4324 perfeetionis

214 4368 346 4420 numero
365 4351 556 4436 reservarit,
575 4347 756 4418 iactieuius
785 4347 974 4418 misterium
987 4351 1100 4436 pastor
1116 4343 1256 4415 ecclesie
1272 4345 1333 4414 Pe-

214 4465 283 4526 trus
305 4459 481 4544 apostolus
505 4463 646 4545 tangens
671 4453 741 4526 siti
755 4457 887 4526 Inarca
901 4455 974 4526 Noe
997 4453 1115 4541 pauci,
1139 4449 1174 4521 id
1189 4457 1240 4522 est
1255 4457 1329 4521 octo

211 4565 320 4642 anime
352 4565 445 4637 seire
469 4563 557 4639 tacte
572 4573 648 4637 sunt
661 4583 720 4654 per
734 4583 865 4652 aquam,
880 4563 969 4651 quod
983 4569 1019 4635 et
1032 4581 1093 4634 ros
1108 4581 1194 4632 nuno
1208 4559 1328 4640 similis
