3140 5044
726 261 792 328 215

763 357 834 365 —--—

193 466 262 528 tate
275 459 446 544 eontraxit,
470 475 636 543 aquorum
652 477 751 528 onere
761 459 809 528 sie
818 457 1008 546 deprimitur
1023 459 1244 546 Aquileiensis
1254 461 1317 530 Eo·

193 568 313 651 alesia,
341 565 550 652 sioutiertur,
577 565 663 650 quod
688 567 758 635 elus
774 575 952 654 proventus
975 569 1032 637 uix
1046 567 1089 634 ad
1123 567 1317 636 solutionem

192 673 358 744 sufficiunt
381 674 738 760 superexeresoentium
764 695 946 744 usurarum.
979 675 1090 766 Quare
1105 676 1200 744 uobis
1215 675 1317 760 humi·

189 783 480 868 litersupplioavit,
505 788 541 848 ut
556 803 610 866 ne,
621 781 709 866 quod
726 782 833 869 absit,
856 805 897 852 ex
913 782 1045 852 detentu
1062 789 1247 869 sumptuum
1267 802 1316 850 oe-

191 889 270 956 dere
287 894 423 972 cogatur
448 888 597 956 Ilooleoie
623 889 785 975 inimicis,
811 891 987 978 providere
1002 889 1066 957 sibi
1082 909 1182 977 super
1197 889 1260 957 hoo
1275 890 1317 958 de

191 997 395 1082 benignitate
410 995 601 1084 apostoliea
616 1013 812 1093 duraremus.
830 997 923 1066 Lioet
939 997 1037 1085 igitur
1051 989 1200 1084 prediolo
1216 999 1317 1082 Aqui·

196 1105 332 1173 leiensIs
358 1105 505 1172 Eeolesie
536 1103 747 1174 aifliotIonem
771 1111 851 1190 nos,
882 1109 938 1192 qui
964 1107 1178 1175 eeclesiarum
1209 1125 1319 1174 euram
1426 1187 1427 1191 Ἰ

195 1211 338 1298 gerimus
354 1212 557 1298 generalem,
590 1209 764 1300 propriam
782 1221 989 1302 reputemus,
1021 1215 1142 1283 debent
1158 1219 1319 1281 tamonet

195 1319 262 1386 alie
277 1319 416 1386 eoelesie
440 1320 605 1403 ceterique
620 1321 682 1388 uiri
708 1321 927 1414 eeclesiastIoi
952 1339 995 1390 ex
1011 1318 1191 1389 afflictione
1207 1318 1317 1386 huius·

195 1427 283 1494 modi
299 1423 708 1514 condignejeompassionir
719 1431 842 1496 sentire
852 1435 1056 1515 puncturam,
1075 1448 1148 1495 eum
1165 1447 1231 1494 non
1248 1410 1317 1494 tam

195 1534 349 1620 specialis
359 1534 541 1620 reputanda
550 1535 594 1601 sit
602 1535 663 1602 heo
679 1537 875 1621 penetratio,
892 1556 991 1620 quam
1009 1527 1197 1620 eommunia
1214 1533 1318 1602 etllo·

197 1641 301 1709 alesia
316 1662 389 1709 eum
405 1643 448 1709 sit
467 1663 542 1726 uua,
569 1645 645 1710 dum
662 1643 695 1708 in
710 1643 823 1727 aliqua
838 1641 888 1710 sui
904 1651 997 1730 parte
1013 1641 1185 1710 cuiuslibet
1199 1643 1319 1711 iuoom·

198 1741 286 1816 modi
302 1747 435 1836 flagello
452 1749 578 1835 feritur,
596 1751 716 1819 sentiat
731 1752 880 1838 prolecto
892 1751 1069 1838 iurequuis
1080 1770 1143 1820 non
1160 1749 1319 1816 modioum

199 1877 240 1926 ex
256 1857 343 1926 illati
359 1857 407 1925 sio
433 1859 518 1925 letus
542 1859 694 1926 allisione
719 1859 885 1926 dolorem:
911 1861 988 1942 quia
1004 1861 1051 1926 sio
1068 1859 1138 1926 eius
1154 1857 1318 1940 membra,

194 1966 271 2033 lloet
281 1967 384 2032 multa
394 1966 540 2050 locisque
556 1965 722 2050 distantia,
734 1967 767 2033 in
783 1987 880 2034 unum
896 1983 1012 2054 eorpus
1029 1966 1238 2052 eompagInat
1252 1985 1319 2030 una

196 2073 289 2158 tides,
305 2075 394 2158 quod
409 2095 474 2142 uno
491 2093 601 2141 eorum
617 2075 731 2143 sauoio
747 2097 810 2143 non
821 2083 958 2161 possunt
968 2073 1141 2162 presensili
1153 2071 1320 2140 soliditate

196 2190 366 2269 eompaota
391 2189 502 2250 oetera
526 2181 590 2248 non
615 2185 781 2269 languere.
808 2182 952 2268 Ideoque
978 2183 1215 2266 fraternitatem
1231 2189 1319 2246 tuam

196 2309 383 2375 monemus,
414 2309 566 2376 rogamus
583 2297 616 2358 et
631 2289 799 2357 hortamur
814 2289 960 2372 attenta,
986 2289 1190 2374 mandantes,
1208 2294 1317 2372 quate·

197 2419 256 2467 nus
281 2399 451 2466 universos
477 2397 765 2486 Arohiepisonpos,
792 2389 987 2485 episcopos,
1012 2397 1173 2482 Abbates,
1189 2391 1317 2465 Priores

197 2515 387 2591 ceterosque
413 2507 808 2574 EealesiarumPrelat-os
844 2513 911 2574 tam
939 2512 1107 2592 exemptos
1133 2523 1231 2588 quam
1254 2525 1318 2582 non

199 2624 368 2704 exemptos
396 2617 500 2701 Regni
526 2613 670 2700 Ungarie
692 2635 733 2682 ex
749 2621 844 2700 parte
859 2620 973 2683 nostra
988 2613 1168 2680 efficaciter
1185 2621 1318 2678 moneas

201 2733 233 2792 et
248 2723 403 2810 inducas,
428 2722 514 2806 quod
535 2723 674 2789 durante
698 2723 760 2789 hoa
786 2741 974 2805 guerrarum
1004 2729 1152 2808 tempore
1177 2719 1321 2802 quolibet

199 2853 286 2901 anuo
302 2833 336 2898 in
352 2831 488 2898 duorum
505 2831 642 2898 millium
660 2849 843 2896 marearum
859 2829 989 2914 argenti
1006 2849 1132 2896 summa
1147 2829 1213 2895 iam
1230 2827 1319 2892 dieto

199 2940 391 3009 Patriarehe
408 2939 562 3008 studeant
588 2937 762 3007 subuenire
775 2946 795 3024 ;'
807 2941 853 3005 ita
863 2941 949 3022 quod
961 2959 1069 3006 eorum
1083 2925 1327 3005 Interveniente'

201 3048 347 3117 subsidio
364 3050 406 3116 ab
423 3047 573 3114 Eoelesie
589 3065 646 3114 sue
662 3065 859 3131 suorumque
875 3047 991 3114 iurium
1008 3045 1198 3114 defensione
1213 3044 1316 3110 desis·

199 3163 267 3225 tere
277 3157 463 3224 nullatenus
474 3155 694 3241 compellatur,
711 3173 834 3238 nosque
844 3173 886 3221 ox
902 3156 965 3221 hoo
980 3155 1127 3238 apertius
1144 3171 1320 3237 cognosea-

199 3285 281 3349 mus‚
298 3264 432 3332 eosdem
456 3265 608 3330 Prelatos
633 3261 819 3329 libertatem
844 3259 1254 3340 Euolesiastioamubique
1272 3255 1320 3321 di-

197 3375 312 3459 ligere,
329 3393 370 3438 ao
399 3375 485 3454 illos,
512 3373 567 3455 qui
584 3391 621 3438 se
637 3391 696 3456 pro
707 3390 748 3437 ea
765 3390 891 3436 murum
916 3367 1116 3436 defensionis
1134 3371 1302 3454 opponunt

198 3483 296 3570 pleno
326 3482 410 3548 velle
437 3480 594 3566 suffragio
621 3477 806 3547 conierere.
838 3477 960 3542 Datum
976 3475 1129 3561 Lugduni
1143 3474 1231 3541 VIII.
1248 3472 1315 3539 kal.
1347 3529 1352 3544 .

202 3590 363 3672 Octobris,
379 3587 603 3670 (Pontificatus
620 3583 737 3671 nostri)
754 3606 841 3652 auno
857 3589 984 3652 ootauo.

291 3763 351 3836 (IV.
369 3761 454 3820 Inone
472 3760 547 3836 pdpa
564 3760 750 3834 Regestllbel
769 3761 893 3818 Theiner
911 3761 948 3820 id.
968 3781 1004 3818 m.
1025 3761 1047 3816 I.
1065 3761 1092 3817 k.
1111 3760 1173 3817 211.
1192 3758 1226 3832 l.)
