3140 5044
801 735 878 800 tus.

279 917 416 985 sinister
430 913 549 982 melos
573 915 696 1000 kirolyt
715 912 981 998 sbtotnokmeoer
997 915 1028 976 es
1042 911 1204 978 kilettld'o'tt
1220 913 1289 978 tiro
1306 915 1415 981 iteiletc

372 1045 393 1088 a
407 1022 590 1109 incoeptat
605 1025 683 1108 aptit
699 1023 729 1086 ea
745 1045 766 1084 α
775 1023 882 1106 pdpai
896 1021 1102 1086 adcarackolc
1117 1021 1201 1084 tues.
1220 1023 1319 1088 1255.

315 1261 318 1268 .
389 1202 459 1270 lior
483 1201 667 1267 Niebolaus
685 1200 836 1286 Synister
846 1199 1005 1284 Magister
1033 1198 1266 1284 Dapilerorum
1285 1200 1415 1268 domini

281 1309 392 1394 Regis,
424 1315 458 1376 et
495 1307 600 1393 judex
625 1327 724 1393 super
744 1304 937 1390 judicandis
967 1306 1065 1374 terris
1095 1305 1345 1375 uduornicorum
1372 1327 1415 1375 ex

285 1413 424 1500 speciali
455 1415 620 1482 mandato
652 1415 732 1480 Rele
763 1411 826 1479 Dei
858 1415 971 1496 gracia
987 1413 1199 1480 illustrissimi
1215 1414 1315 1498 Regis
1330 1416 1416 1480 Wn·

282 1541 432 1610 garcrum
448 1523 653 1606 constitutus,
670 1518 901 1605 significamus
930 1519 1138 1604 presentibus
1155 1526 1189 1585 et
1204 1519 1320 1587 tuturis
1336 1541 1415 1606 prc-

283 1635 392 1699 seutes
416 1629 633 1715 inspecturis,
664 1625 751 1710 quod
777 1646 848 1693 cum
865 1625 1034 1692 uduornici
1050 1624 1091 1692 de
1109 1627 1222 1711 Papa,
1253 1627 1416 1694 videlicet

283 1737 433 1820 Gvrtben,
449 1737 560 1822 Bytba
575 1742 607 1804 et
623 1734 765 1801 clericus
781 1734 1009 1802 Bartolomeus
1025 1733 1188 1800 Abbatem
1204 1733 1353 1802 Ecclesie
1372 1735 1414 1802 de

285 1846 366 1913 Beel
377 1843 420 1913 ad
429 1851 575 1910 nostram
586 1842 746 1908 citassent
757 1842 963 1926 presenciam
975 1849 1204 1926 proponentes
1214 1849 1327 1908 contra
1337 1861 1416 1916 eum

285 1953 371 2038 quod
388 1951 452 2020 duo
469 1949 658 2019 molendina
674 1950 830 2034 ipsorum,
848 1955 881 2014 et
896 1947 1157 2034 vigintiquinque
1167 1950 1289 2034 jugera
1307 1957 1414 2016 terra·
1525 2012 1526 2034 1

285 2081 356 2128 rum
372 2079 444 2128 cnm
473 2059 636 2145 particula
661 2055 760 2122 teneti
776 2055 921 2122 indebite
938 2065 1131 2140 occupasset
1146 2066 1180 2124 et
1194 2059 1339 2125 violener
1354 2057 1413 2122 de

286 2171 406 2235 tidcret
416 2189 424 2252 ;
435 2167 547 2233 Abbas
559 2185 638 2232 vero
650 2165 798 2250 predicte
811 2163 961 2232 Ecclesie
977 2165 1011 2230 in
1026 2165 1143 2230 eodem
1155 2165 1280 2249 judicio
1297 2167 1414 2232 literas

286 2271 439 2359 Dionysij
457 2271 601 2338 Palatini
616 2270 722 2338 lelicis
747 2271 901 2336 memorie
918 2277 951 2336 et
964 2269 1098 2338 Comitis
1115 2271 1330 2356 simigiensis,
1348 2293 1414 2339 nec

285 2399 349 2446 non
358 2379 567 2466 privilegium
577 2377 672 2446 (lbalr
683 2377 818 2445 Comitis
832 2378 873 2444 de
891 2379 1031 2462 Suprun‚
1059 2377 1191 2446 Hobvet
1216 2376 1351 2444 (iomitis
1370 2381 1414 2447 de

285 2487 407 2554 Ferroo
424 2485 540 2552 Castro
556 2484 758 2569 etDemetrij
781 2473 916 2552 (lomitir
932 2485 974 2551 de
992 2483 1140 2570 Obanad,
1152 2485 1300 2570 judicum
1316 2506 1337 2552 a
1353 2485 1412 2552 do·
1526 2529 1527 2532 =

286 2594 374 2662 mino
389 2593 481 2676 Rege
497 2593 581 2660 Bela
598 2594 843 2660 constitutorum
859 2595 903 2660 ad
922 2592 1165 2660 restitucionem
1182 2593 1328 2678 ipsorum
1344 2613 1412 2660 mo-

285 2700 489 2768 lendinorum
505 2707 540 2766 et
554 2699 814 2786 vigintiquinque
820 2702 973 2786 jugerum
993 2707 1152 2768 terrarum
1165 2721 1238 2768 cum
1248 2702 1414 2788 particula

285 2807 388 2876 ferreti
404 2807 591 2876 solemniter
608 2808 765 2893 exhibuit,
792 2827 855 2890 que
871 2807 914 2873 ad
940 2807 1206 2875 emendacionem
1222 2809 1309 2876 dicte
1324 2817 1413 2876 terre

287 2917 369 2985 satis
386 2914 555 2984 evidenter
571 2917 778 3001 protulerunt
792 2915 989 2982 testimonia.
1005 2917 1073 2981 Nos
1084 2915 1183 2999 igitur
1195 2915 1279 3000 juris
1297 2913 1412 2981 ordine

286 3021 461 3105 mediante,
478 3027 573 3107 prout
583 3022 752 3108 justiciam
769 3029 948 3088 memorate
964 3023 1115 3088 Ecclesia
1132 3022 1276 3088 eminere
1293 3041 1411 3106 cogno-

286 3130 394 3198 vimus
410 3129 444 3196 in
460 3128 523 3196 hac
538 3137 643 3216 parte,
661 3129 749 3196 dicta
764 3129 951 3196 molendina
968 3137 1001 3196 et
1017 3129 1275 3214 vigintiquinque
1287 3131 1413 3215 jugera

285 3245 444 3306 terrarum
461 3259 535 3304 eum
551 3238 713 3324 particula
729 3237 831 3304 feneti
841 3239 1013 3304 statuimus
1024 3239 1201 3322 sepedicto
1213 3239 1333 3304 Abbati
1348 3238 1411 3302 Ec·

289 3347 389 3414 clesie
412 3345 455 3414 de
480 3347 560 3414 Beel
591 3345 695 3413 libere
711 3353 745 3412 et
770 3344 907 3430 pacifice
924 3353 1084 3432 perpetuo
1110 3345 1189 3430 jure
1211 3345 1413 3430 possidenda

282 3457 379 3543 juxta
410 3453 548 3520 eandem
579 3455 734 3536 sormam,
763 3456 847 3520 sicut
863 3454 896 3519 in
912 3454 1015 3520 literis
1030 3448 1248 3539 predictorum
1261 3453 1408 3538 judicum

285 3560 488 3644 inspeximus
506 3559 673 3626 contineri.
690 3561 835 3640 Quarum
858 3567 1017 3627 terrarum
1035 3563 1138 3647 prima
1154 3567 1243 3627 meta
1259 3560 1372 3645 incipit
1386 3579 1409 3625 a

285 3665 385 3732 fluvio
400 3664 593 3751 Thapolcha
618 3663 767 3734 er'eundo
787 3669 884 3753 juxta
899 3688 1052 3753 magnam
1069 3669 1204 3736 salicem
1220 3669 1254 3734 in
1270 3670 1408 3752 longitu-

287 3771 363 3838 dine
379 3778 560 3858 terrarum,
586 3794 649 3858 que
675 3777 774 3860 vulgo
800 3775 997 3840 tractarenon
1013 3776 1088 3842 eccle
1112 3775 1252 3859 dicitur,
1279 3783 1410 3861 aparte

287 3879 453 3949 Onorlulra
469 3879 504 3947 in
530 3881 733 3965 longitudine
760 3885 856 3950 unius
876 3884 987 3968 jugeri
1024 3882 1112 3950 cadit
1128 3883 1161 3948 in
1176 3906 1257 3948 eoae
1272 3881 1348 3947 neele
1363 3880 1408 3947 ad

286 3985 464 4072 orientem,
491 3995 524 4056 et
538 4009 598 4075 per
619 3990 758 4057 eundem
773 3990 907 4058 flurium
924 3991 1029 4058 tendit
1045 3991 1089 4057 ad
1104 3991 1350 4058 meridionalem
1365 3987 1408 4055 ad

285 4115 385 4164 uuum
402 4117 445 4182 er,
462 4103 495 4162 et
510 4117 570 4183 per
594 4096 733 4165 eundem
760 4123 793 4164 et·
821 4098 912 4167 vadit
928 4097 971 4164 ad
988 4107 1093 4165 metas
1104 4097 1224 4165 Sancti
1239 4095 1407 4180 Ladislai;

286 4203 363 4270 binc
387 4209 496 4271 autem
522 4202 700 4272 reflectitur
715 4208 759 4273 ad
775 4204 1020 4289 occidentalem,
1037 4223 1095 4291 per
1111 4204 1284 4289 indagines
1301 4202 1407 4288 spina-

286 4331 357 4378 rum
372 4309 460 4378 cadit
475 4309 519 4379 ad
534 4309 668 4380 flurium
694 4313 865 4402 'Poplycba
883 4333 984 4399 supra
1000 4313 1130 4397 dictum,
1148 4317 1181 4378 et
1196 4331 1255 4398 per
1272 4309 1407 4378 eundem

287 4413 459 4505 'l'oplycha
483 4419 575 4487 radit
599 4418 736 4488 inferius
761 4420 804 4488 ad
821 4423 926 4489 locum
951 4420 1143 4506 predictum,
1161 4417 1247 4486 unde
1264 4419 1405 4500 erierat;

289 4525 384 4593 stibi
409 4529 610 4598 terminatur.
636 4529 680 4596 vt
704 4535 813 4596 autem
838 4529 958 4596 nostris
984 4535 1080 4614 gesta
1095 4527 1295 4614 temporibus
1310 4526 1408 4592 robur
