3140 5044
641 307 799 407 ,2³9-

155 505 378 592 reoeptionem
399 523 458 572 seu
474 503 694 592 provisionem
711 504 903 588 cuiusquam
917 503 1068 592 oompetli
1078 554 1086 589 ,
1112 521 1169 571 seu
1188 507 1282 572 extra

156 632 251 681 suam
279 613 445 682 Dioeesim
472 615 527 680 vel
551 615 638 680 ultra
660 617 781 679 eertum
796 613 903 682 looum
918 612 963 681 ad
982 612 1136 682 iudieium
1152 617 1286 684 ovooari

155 721 365 807 nonpossint
386 739 445 806 per
469 721 596 790 litteras
621 721 709 788 dicte
735 719 849 808 Sedis,
873 741 939 788 uou
964 721 1125 789 iaoieutos
1148 721 1280 808 plenam

153 831 208 898 vel
229 847 419 914 expressam
435 830 475 897 do
490 829 591 896 verbo
608 827 652 895 ad
667 829 803 897 uerbum
818 831 860 896 de
874 829 1078 915 indulgentia
1093 827 1279 898 huiusmodi

156 939 226 1006 sive
242 954 473 1024 personarum,
496 937 692 1022 dignitatum
710 956 844 1004 numero
859 938 915 1004 ‘vel
924 942 1131 1023 receptorum
1146 938 1282 1031 nomini·

154 1046 215 1113 bus
240 1042 458 1126 mentionem,
483 1044 587 1132 antei
604 1045 746 1110 looorum
773 1043 953 1112 Dioeesani
970 1064 1010 1112 ex
1026 1044 1218 1131 Apostolioa
1234 1046 1281 1112 in-

153 1151 333 1238 dulgentia
353 1172 452 1240 snper
466 1153 719 1238 provisionibus,
737 1171 820 1235 quas
837 1153 871 1218 iu
886 1171 997 1218 eorum
1025 1152 1213 1220 civitatibus
1228 1158 1283 1222 vol

157 1260 356 1329 Diooesibus
387 1260 583 1328 mandamus
614 1259 701 1344 fiori,
727 1265 918 1328 executores
944 1277 1018 1326 esse
1043 1258 1203 1344 debeant,
1228 1262 1282 1331 vel

156 1389 222 1436 uon
235 1371 340 1455 possit
357 1371 407 1436 eis
423 1368 536 1446 invitis
552 1370 672 1435 ibidem
689 1368 789 1436 alieni
805 1387 865 1452 per
880 1375 1012 1436 nostras
1028 1369 1158 1437 litteras
1169 1367 1279 1456 provi,

158 1477 248 1557 deri,
273 1498 331 1545 seu
348 1477 495 1562 qualibet
515 1477 719 1562 induigentia
734 1477 821 1546 diste
836 1477 942 1562 Sedis,
952 1495 1018 1562 per
1028 1495 1126 1561 quam
1143 1475 1277 1544 effeetus

115 1623 117 1630 ν
158 1593 271 1652 nostre
296 1587 402 1670 gratie
430 1587 465 1651 iu
479 1585 543 1652 hao
568 1593 662 1672 parto
688 1584 838 1669 impediri
861 1586 973 1651 valeat
988 1585 1041 1650 vel
1053 1582 1197 1667 differri,
1223 1604 1281 1652 seu

157 1692 390 1760 constitutione
407 1691 590 1760 de'duebus
606 1692 704 1760 dietis
722 1691 810 1761 edita
825 1692 859 1757 iu
876 1692 1014 1758 oouoilio
1022 1691 1182 1776 generali.
1199 1693 1278 1760 Gou-
1404 1719 1406 1722 ·

158 1800 354 1868 tradietores
370 1805 429 1866 eto.
446 1801 516 1866 Nos
533 1801 619 1868 euim
636 1798 838 1866 decernimus
854 1799 979 1866 irritum
989 1806 1022 1866 et
1030 1798 1140 1884 inane,
1167 1797 1284 1881 siquid

158 1915 272 1974 eontra
287 1917 377 1974 tunm
393 1907 609 1998 provisionem
624 1909 678 1974 vel
695 1908 951 2010 roprvatiunem
977 1911 1033 1972 aut
1056 1905 1280 1973 inhibitionem

157 2017 187 2083 si
204 2033 300 2100 quam
312 2015 442 2081 duxeris
453 2016 713 2100 promittendam,
725 2023 839 2082 nostra
849 2015 902 2082 vel
919 2014 1035 2098 quavis
1051 2012 1284 2080 auctoritates

159 2143 324 2210 quoquam
343 2123 484 2190 fueritin
495 2123 643 2191 eiusdem
654 2123 803 2208 magistri
813 2123 1025 2210 preiudioium
1045 2125 1282 2206 attemptatum.
1333 2163 1336 2168 -

158 2231 280 2298 Datum
297 2232 424 2298 Perusii
440 2231 498 2297 XI.
515 2229 584 2297 kal.
612 2231 783 2298 Februarii
799 2227 1026 2318 (Pontificatus
1046 2224 1164 2316 nostri)
1195 2249 1281 2302 anno

158 2339 295 2408 deoimo.

258 2567 319 2640 (Ν.
334 2569 419 2624 meze
432 2566 849 2643 papuaegesorssruuerner
862 2567 901 2624 rr.
917 2587 953 2625 m.
966 2569 989 2626 1.
1002 2569 1061 2624 nea
1074 2567 1183 2642 arur.)
1299 2575 1302 2584 ¹
1428 2553 1433 2566 '

597 2851 847 2862 ..ι-ο--αιω
