3154 5030
763 257 919 358 ,ιι-ιι-

389 446 854 523 x1.crnec..suguse·1-jsn.)

385 566 462 632 Viro
485 564 606 630 illustri
630 569 663 627 et
687 559 830 630 discreto
855 561 985 630 domino
1001 565 1051 630 W.
1068 565 1111 631 de
1128 564 1283 632 Arnstuin
1298 565 1395 632 nobili

279 671 482 743 ministeriali
497 671 534 737 F.
552 670 673 738 Diuina
683 671 895 738 miseratione
903 671 1017 738 Abbas
1028 673 1197 741 Scotorum
1208 674 1240 740 in
1250 673 1393 762 wienna,

280 791 314 850 et
328 783 365 849 F.
382 782 535 848 Decanus
554 776 847 864 Newinbnrgensis
870 779 1040 847 oraciones
1065 788 1099 847 et
1123 781 1262 847 salutem
1286 782 1319 846 in
1334 781 1393 848 Do·

280 891 378 956 mino.
401 888 538 955 Noncrit
551 886 738 972 benignitas
754 891 885 968 uestra,
902 886 989 969 quod
1005 906 1065 956 nos
1081 887 1206 956 iudices
1221 888 1364 972 delegati
1377 908 1397 954 a

280 995 380 1064 Curia
395 996 543 1062 Romana
558 1010 659 1078 snper
675 1011 778 1072 causa
787 1040 797 1076 ,
813 1011 876 1074 que
892 994 1027 1060 uertitur
1043 995 1127 1060 inter
1143 995 1305 1062 Abbatem
1322 996 1397 1063 San-

281 1111 335 1171 cte
350 1101 465 1169 Crucis
481 1109 515 1167 et
529 1100 692 1168 domiuum
707 1098 759 1164 W.
776 1097 817 1165 de
834 1097 925 1168 Ouen
943 1121 1041 1186 super
1059 1103 1253 1188 quibusdam
1280 1103 1399 1188 prediis

281 1211 316 1278 in
331 1212 684 1296 Pomgartcu,‚propter
694 1207 829 1274 nimiam
840 1209 1091 1290 contumaciam,
1107 1211 1338 1295 ctApostolice
1347 1213 1400 1279 Se·

283 1317 339 1384 dis
355 1319 573 1403 contemptum
585 1317 721 1382 eundem
732 1316 782 1380 W.
795 1319 1096 1402 contempnanimus
1111 1327 1144 1385 et
1160 1321 1400 1404 possessionem

285 1427 459 1494 eorundem
485 1425 670 1510 prediorum
695 1423 818 1490 Abbati
834 1423 1104 1493 adiudicauimns.
1135 1426 1215 1494 Cum
1240 1447 1317 1512 ergo
1335 1428 1402 1495 sinc

286 1533 403 1612 ellectu
419 1535 512 1622 parui
539 1539 703 1620 reputetur
728 1533 901 1618 momenti,
927 1552 988 1602 nos
1005 1531 1047 1598 de
1062 1533 1192 1600 uirtutis
1207 1541 1317 1600 uestrc
1334 1553 1401 1602 con·

284 1643 407 1713 stantia
417 1648 641 1729 presumentes
651 1641 745 1708 uobis
761 1641 956 1708 anctoritate
972 1640 1320 1727 Apostolicadistricte
1336 1661 1402 1728 pre·

286 1753 423 1840 cipimus
440 1757 473 1819 et
489 1751 522 1818 in
538 1748 761 1818 remissionem
778 1753 987 1838 peccatorum
1003 1743 1183 1817 uestrorum
1200 1749 1404 1832 iniungimus

285 1868 322 1927 nt
336 1861 442 1948 ipsurn
452 1849 615 1928 Abbatem
627 1858 660 1924 in
677 1847 921 1946 possessiouem
937 1877 1045 1925 rerum
1060 1859 1237 1946 petitarum
1253 1855 1405 1927 iuducere

287 1975 322 2035 et
336 1967 503 2035 inductum
518 1966 656 2034 uiriliter
670 1965 847 2034 defendere
863 1986 927 2032 uon
943 1967 1133 2038 obmittatis.
1159 1967 1229 2034 Nos
1255 1965 1343 2032 enirn
1361 1985 1406 2031 re

286 2075 390 2144 belles
406 2080 439 2141 et
453 2073 645 2142 resistentes
661 2081 806 2140 tenemur
817 2075 1011 2143 auctoritate
1020 2073 1212 2160 Apostolica
1226 2091 1405 2160 percensu·
1429 2099 1432 2104 “
1518 2145 1519 2160 ,

288 2201 359 2250 rum
374 2183 633 2252 ecclesiasticam
650 2182 835 2249 cohercere.

395 2305 461 2364 ΧΗ.
475 2305 554 2380 (Siue
566 2305 656 2380 dato.)

397 2399 586 2467 Venerabili
602 2399 744 2485 plebano
760 2399 892 2466 domino
908 2399 947 2464 ll.
964 2399 997 2464 in
1012 2397 1145 2467 Lovlrse
1161 2395 1198 2468 F.
1216 2396 1340 2464 Diuina
1356 2396 1410 2462 rni-

291 2508 456 2576 seratioue
472 2507 585 2574 Abbas
602 2507 770 2586 Scotorum
796 2507 829 2572 in
852 2507 994 2573 Wienna
1009 2513 1043 2573 et
1058 2506 1095 2572 1⁴¹.
1112 2507 1266 2572 Decanus
1281 2505 1411 2572 Newiu-

290 2611 465 2706 burge'usis
483 2615 646 2682 orationes
662 2621 696 2682 et
710 2615 849 2682 salutem
865 2614 898 2680 in
909 2613 1060 2681 Domino.
1077 2615 1184 2682 Nosse
1199 2613 1347 2680 uolumus
1363 2611 1412 2676 di-

292 2723 486 2793 scretionem
503 2729 666 2806 uestram,
694 2721 779 2807 quod
795 2742 855 2790 nos
872 2743 914 2789 ex
927 2721 1120 2806 Apostolica
1135 2719 1344 2806 delegatione
1360 2737 1411 2786 su·

292 2849 352 2917 per
368 2851 478 2916 cansa,
495 2851 558 2916 que
574 2833 711 2900 uertitur
727 2832 811 2899 inter
826 2831 989 2900 Abbatem
1006 2821 1048 2896 de
1060 2831 1182 2898 Sancta
1190 2829 1295 2898 Grucc
1311 2829 1411 2896 etdo-

293 2937 414 3004 minum
430 2938 481 3004 W.
506 2939 548 3006 de
574 2937 666 3007 Oueu
692 2959 791 3024 snper
807 2937 999 3024 quibusdam
1014 2937 1139 3025 prediis
1155 2939 1189 3004 in
1205 2937 1412 3022 Por'ngarten,

295 3044 431 3113 eundem
447 3031 498 3112 W'.
514 3045 611 3116 nimis
627 3055 869 3132 contumacem,
885 3046 1041 3113 rebellem
1059 3051 1092 3113 et
1108 3045 1350 3112 inobedientem
1366 3045 1415 3110 ir-

295 3153 391 3224 sticia
407 3155 553 3222 dictante
567 3173 627 3243 per
641 3155 836 3222 senteutiam
850 3149 1170 3241 ‘condempnauimns
1187 3157 1221 3219 et
1236 3152 1414 3238 possessio·

295 3282 368 3330 nem
383 3281 490 3330 rerum
505 3263 681 3349 petitarum
697 3262 819 3330 Abbati
833 3261 1103 3328 adiudicanlmus.
1121 3261 1258 3344 Verum,
1276 3261 1355 3345 quia
1370 3260 1413 3326 ni-

296 3373 362 3440 obrl
377 3372 467 3442 ualet
482 3371 689 3458 adiudicare,
715 3371 780 3439 nisi
804 3371 998 3438 senteutiam
1014 3387 1086 3438 cum
1102 3366 1222 3436 effectu
1238 3365 1414 3454 corporalis

295 3473 464 3568 possessio
480 3481 668 3565 comitetur,
694 3480 902 3546 dilectionem
918 3486 1061 3547 uestram
1076 3496 1244 3546 monemus
1260 3483 1294 3544 et
1308 3481 1414 3544 aucto-

295 3585 395 3655 ritate
409 3588 505 3656 nobis
521 3589 669 3657 iniuncta
685 3587 830 3678 districte
840 3587 1048 3674 precipimus,
1058 3593 1100 3667 ¹ut
1116 3585 1312 3678 senteutiam
1326 3603 1348 3649 a
1362 3602 1415 3650 uo-

297 3695 350 3762 bis
366 3695 467 3762 latam
483 3695 666 3762 executioni
681 3695 865 3781 mandetis,
880 3695 1044 3763 Abbatem
1060 3695 1093 3761 in
1109 3691 1353 3780 possessionem
1368 3709 1414 3757 re

298 3821 379 3886 rum,
395 3799 436 3869 de
452 3799 568 3885 quibus
584 3803 712 3887 questio
728 3805 883 3890 uertitur,
901 3800 1083 3870 inducendo
1100 3809 1133 3868 et
1149 3799 1354 3869 defendendo
1369 3798 1414 3864 iu·

300 3910 440 3994 ductum,
456 3911 666 3996 resistentes,
684 3897 893 3982 contumaces
909 3913 1105 3982 auctmitate
1121 3909 1303 4008 apostolica
1320 3924 1416 3974 exco-

167 4079 172 4092 ,
300 4016 471 4086 muuicetis
488 4017 635 4087 effectum
652 4019 818 4088 sentencie
839 4021 1054 4089 intendentes.
1108 4055 1111 4064 ,

408 4143 489 4200 XIII.
502 4141 581 4216 (Sine
593 4143 683 4218 dato.)

407 4236 598 4332 Venerabili
621 4239 655 4306 iu
681 4238 810 4307 Christo
835 4239 922 4327 patri
948 4259 988 4304 ac
1014 4235 1144 4305 domino
1160 4234 1330 4323 Waciensi
1343 4232 1416 4318 Epi-

302 4362 404 4429 scopo
420 4345 456 4410 F.
473 4345 644 4414 Scotorum
659 4345 772 4416 Abbas
797 4347 831 4415 in
855 4344 995 4414 Wicnna
1010 4353 1044 4414 et
1059 4345 1116 4413 Oh.
1134 4339 1418 4429 Newinborgeusis

302 4451 491 4537 Propositus
515 4461 549 4521 ct
573 4453 611 4520 F.
636 4437 785 4524 ciusdem
804 4454 868 4521 loci
884 4451 1038 4522 Decanus
1054 4453 1180 4522 iudices
1196 4473 1218 4520 a
1233 4449 1417 4536 Sede-Apo·

304 4559 421 4626 stolica
436 4556 579 4646 delegati
596 4562 736 4629 salutem
755 4567 789 4627 et
804 4560 972 4630 orationes
987 4561 1020 4628 in
1036 4561 1183 4630 Domino.
1212 4557 1421 4626 eommnsam
