3154 5030
748 271 906 377 203—

268 471 527 558 indiguationem
543 465 782 554 omnipotentis
797 465 861 534 Dei
885 475 918 534 et
933 467 1109 534 Beatorum
1125 467 1214 538 Petri
1240 471 1272 532 et
1297 465 1393 532 Pauli

267 581 496 666 Apostolorum
512 577 584 644 eius
594 596 631 644 so
647 575 775 644 nouerit
791 577 1002 644 incursurum.
1014 573 1136 674 Datum
1144 573 1302 640 Laterani
1316 573 1392 639 ΠΗ.

268 705 343 754 uon.
361 685 495 771 Aprilis.
514 683 722 778 Pontificatus
738 683 842 766 nostri
858 703 944 750 anno
961 681 1215 786 quartodecimo.
1282 693 1285 700 ’

365 861 369 868 ’
413 887 558 972 (Eredetie
576 914 595 954 s
613 897 828 957 smtmdrtcni
847 891 1000 968 lbapits'tp
1019 891 1239 962 lsvdtlrlban).

808 1394 865 1464 o&

272 1577 330 1644 IX.
348 1573 582 1664 Gerpclypdpo
596 1575 716 1642 reudels'
723 1626 733 1662 ,
757 1575 838 1664 hopy
862 1545 1174 1664 Mapyoromcpboo
1188 1591 1211 1642 a
1225 1561 1409 1642 demisisti·

273 1683 404 1776 adpolyi
418 1683 500 1751 heio
515 1684 690 1751 dirodolom
705 1685 937 1771 repedelmezdse
950 1688 1049 1772 otpolt
1069 1685 1220 1752 admosse
1234 1683 1397 1750 birdctter·

197 1793 200 1800 '
715 1793 768 1858 selu
783 1792 828 1860 si.
848 1795 946 1859 1240.

383 1973 558 2059 Gregorius
574 1971 758 2058 Episcopus
784 1977 846 2038 etc.
872 1971 990 2039 dilecto
1015 1969 1107 2036 lilio.
1201 1969 1305 2037 Priori
1319 1965 1399 2036 Pro·

274 2083 408 2152 rinoiali
418 2079 548 2148 Ordinis
564 2079 701 2148 fratrum
712 2079 957 2148 Predieatorum
973 2077 1166 2164 iuUngerie
1182 2075 1320 2145 salutem
1334 2085 1405 2144 etc.-

274 2191 362 2271 Quia¹
385 2211 445 2280 per
467 2187 647 2256 subsidium
673 2188 805 2274 Imperii
820 2189 979 2255 Romania
994 2191 1080 2254 terro
1095 2193 1209 2254 sancte
1226 2193 1401 2254 succursus

274 2298 403 2382 liquide
414 2303 626 2385 procuretur,
642 2301 791 2380 oportet,
804 2303 843 2362 ut
859 2295 903 2362 ud
919 2293 1006 2361 illius
1022 2283 1402 2362 subveuoionem'eliica

276 2405 358 2473 citer
373 2405 590 2474 intendamus.
623 2402 709 2470 Hinc
725 2411 785 2488 est,
802 2405 978 2488 quodcum
993 2403 1143 2472 inimicus
1161 2403 1224 2476 Dei
1239 2409 1273 2470 et
1288 2403 1414 2470 lincole-⁴

276 2513 325 2581 sie
335 2515 491 2582 Vataoius
506 2513 681 2598 Imperium
697 2515 801 2602 lpsum
819 2513 904 2580 odeo
920 2513 1066 2596 graviter
1078 2521 1302 2598 prosequatur,
1313 2515 1403 2596 quod

276 2623 387 2707 plures
403 2619 554 2688 ciuitates
579 2618 682 2706 ipsius
700 2627 731 2686 et
746 2619 822 2686 loca
838 2617 983 2686 funditus
1000 2618 1065 2686 iarn
1081 2603 1259 2704 destruxit3
1276 2638 1336 2686 nos
1351 2628 1404 2686 at-

277 2727 468 2811 tendentes,
495 2727 572 2810 qul'a
589 2715 617 2794 si
633 2727 730 2821 Greci
740 2775 749 2812 ,
777 2727 832 2810 qui
848 2725 974 2813 potius,
996 2719 1093 2810 duam
1110 2725 1235 2813 pagani
1250 2725 1404 2794 videntur

278 2834 482 2903 abhominari
498 2821 643 2918 Latinos,
655 2833 817 2917 prelatum
827 2837 1002 2928 Imperium
1013 2833 1161 2914 subicere
1177 2833 1242 2902 sibl
1257 2839 1403 2920 possent,
1428 2881 1431 2888 .

276 2941 423 3011 eiusdem
439 2947 524 3008 terre
533 2941 713 3028 periculum
725 2931 925 3026 sequeretur,
943 2942 1147 3026 mandamus,
1167 2935 1326 3026 quatenus
1342 2961 1405 3030 per

276 3055 309 3115 te
326 3068 367 3116 ao
382 3048 466 3146 alios
482 3050 530 3116 tui
546 3049 671 3124 ordinis
687 3047 805 3116 iratres
821 3055 971 3134 potentes
997 3051 1031 3116 in
1057 3071 1157 3138 opere
1180 3071 1222 3118 ac
1241 3057 1402 3133 sermone,
1511 3045 1514 3052 ’

278 3157 414 3239 verbum
441 3157 544 3224 crucis
560 3175 690 3224 exnunc
705 3176 808 3241 usque
824 3157 869 3225 od
885 3155 1057 3224 triennium
1074 3157 1107 3224 iu
1124 3157 1271 3244 Ungarie
1288 3157 1405 3240 Regno

276 3281 481 3354 proponens,
499 3272 577 3332 iota
593 3267 892 3352 crucesignatorum
909 3265 1114 3352 stallorum,
1142 3267 1196 3350 qui
1220 3261 1404 3332 bellatores

277 3375 331 3440 vel
355 3374 447 3442 aliud
474 3391 652 3458 congruum
678 3369 856 3440 subsidium
873 3373 907 3438 in
922 3371 1084 3459 prefatam
1100 3379 1222 3439 terram
1239 3372 1404 3438 transmit·

279 3487 348 3546 tere
363 3481 593 3565 promiserunt,
604 3479 681 3548 dum
697 3485 808 3548 tamen
822 3481 867 3547 ad
882 3480 916 3548 id
933 3479 1149 3565 consentiant,
1166 3481 1200 3546 in
1215 3499 1404 3548 succursum
1458 3557 1461 3561 .

277 3587 409 3673 Imperii
427 3587 547 3672 prelati
564 3589 779 3670 commutans,
803 3589 893 3674 ipsos
909 3593 942 3654 et
957 3587 1042 3656 alios
1058 3584 1147 3654 viros
1163 3587 1353 3670 catholicos,
1368 3593 1406 3652 ut

279 3691 386 3760 eidem
401 3677 745 3778 succurrantlmperlo
761 3692 852 3760 etad
868 3695 930 3760 hoc
946 3694 1139 3761 festinanter
1156 3699 1189 3761 et
1203 3687 1339 3762 viriliter
1366 3711 1406 3759 se

279 3799 467 3884 accingant,
485 3817 620 3866 moneas
635 3797 728 3866 iuxta
743 3799 855 3867 datam
871 3801 931 3868 tibi
946 3803 967 3868 a'
982 3803 1054 3869 Deo
1084 3801 1293 3888 prudentiam
1303 3804 1342 3866 'et
1356 3801 1405 3865 in·

281 3905 404 3988 ducas,
422 3904 472 3973 eis
486 3920 546 3991 spe
561 3905 656 3973 firma
670 3906 859 3994 proposita,
886 3909 973 3993 qnod
989 3910 1065 3977 dum
1083 3909 1116 3976 in
1133 3907 1249 3974 eodem
1264 3907 1405 3994 Imperio

280 4021 366 4082 terro
390 4013 538 4102 predicte
562 4013 759 4083 subveniunt
767 4065 777 4101 ,
796 4021 941 4084 eternum
957 4038 979 4084 s
993 4015 1134 4084 Domino
1151 4015 1308 4103 premium
1324 4013 1408 4081 obti-

280 4121 411 4207 nebunt.
438 4121 507 4187 Nos
534 4121 619 4188 enirn
636 4122 679 4189 de
695 4121 934 4209 omnipotentis
950 4125 1012 4192 Dei
1029 4131 1062 4189 et
1076 4125 1253 4216 Beatorum
1267 4121 1356 4192 Petri
1373 4127 1408 4188 et

279 4229 375 4298 Pauli
390 4229 621 4320 Apostolorum
634 4229 709 4298 'eius
726 4233 922 4298 auctoritate
939 4229 1051 4299 confisi
1062 4281 1071 4315 ‚
1097 4228 1245 4296 omnibus
1255 4280 1264 4315 ,
1291 4229 1347 4312 qui
1371 4229 1408 4296 iu

279 4327 383 4422 ipsius
399 4355 587 4418 succursum
606 4336 792 4423 acceperint
807 4339 936 4422 signum
956 4341 1063 4408 crucis
1074 4390 1082 4423 ,
1109 4341 1163 4404 vel
1186 4324 1407 4405 commutare-

280 4445 345 4510 rint
360 4449 440 4540 vota
454 4463 523 4530 sua,
541 4445 593 4510 vel
610 4446 800 4532 inpropriis
817 4439 871 4536 sel
886 4445 1006 4514 alienis
1023 4445 1178 4532 expensis
1196 4445 1260 4513 sibi
1276 4463 1408 4513 succur-

279 4557 352 4616 rent
362 4599 371 4635 ,
388 4567 446 4616 seu
462 4541 505 4618 de
522 4543 618 4618 bonis
636 4554 907 4634 suisoongruum·
918 4551 1098 4620 subsidium
1116 4551 1327 4619 destinabunt
1359 4551 1408 4618 nl·
