3184 5064
228 999 293 1066 Ράί
304 997 455 1086 pozsonyi
464 995 593 1082 proposi
611 991 641 1053 es
667 988 729 1052 IV.
755 983 838 1050 Belo
859 981 967 1066 kt'rdly
992 978 1152 1043 titulatos
1177 975 1362 1062 birdjdosak,

443 1123 531 1188 paros
547 1093 688 1162 birtobra
703 1093 877 1157 ooaatloozo'
894 1089 1004 1154 itateta.
1030 1086 1129 1149 1257.

341 1295 510 1365 Uniuersis
528 1291 651 1358 Christi
667 1287 819 1354 fidelibus
836 1288 1006 1369 presentes
1031 1262 1146 1346 literas
1163 1279 1362 1364 inspecturis

233 1407 391 1490 Magister
406 1403 529 1468 Paulus
547 1397 737 1482 Propositus
754 1391 963 1460 Posoniensis
979 1391 1140 1454 sinceram
1157 1388 1190 1452 in
1206 1389 1277 1453 Deo
1302 1405 1356 1453 oa-

225 1517 381 1596 ritatem.‚
414 1507 624 1575 Vniuersitati
652 1509 760 1568 vestro
787 1509 903 1565 tenore
921 1497 1128 1581 presencium
1162 1495 1361 1577 innoteseat,

232 1619 318 1707 quod
336 1638 408 1686 oum
425 1635 484 1682 nos
501 1635 543 1680 ox
559 1610 701 1696 speciali
716 1607 870 1675 mandato
887 1605 1011 1670 domini
1027 1605 1131 1670 nostri
1156 1603 1236 1668 Bele
1253 1601 1361 1684 quarti

231 1727 294 1797 Dei
310 1724 424 1812 grania
439 1721 582 1788 'illustris
598 1717 700 1800 Regis
726 1715 897 1795 Hungarie
923 1713 994 1778 iura
1021 1713 1119 1779 oastri
1144 1710 1186 1777 de
1213 1711 1360 1791 Kaukon,

233 1856 296 1922 quo
313 1852 372 1919 por
389 1831 548 1913 quosdam
573 1825 764 1892 dicebantur
790 1822 935 1888 indebite
952 1821 1054 1886 tuisse
1070 1827 1238 1904 oooupata,
1263 1837 1363 1912 reno·

233 1963 310 2010 osro
326 1940 528 2020 deberemus,
546 1933 659 2002 Eodus
674 1929 776 1997 maior
792 1929 966 2006 exereitus,
983 1929 1083 2013 Ohep
1109 1932 1143 1993 et
1170 1925 1294 2012 Mykou
1319 1945 1361 1991 so
1384 2011 1388 2014 -

231 2047 331 2116 aeteri
360 2045 552 2128 iobagiones
585 2039 685 2106 castri
710 2039 751 2104 de
776 2037 923 2121 Ksrkou,
940 2055 960 2101 a
979 2034 1112 2100 Detrioo
1128 2039 1161 2100 et
1176 2031 1360 2119 Nyoholao‚

236 2153 317 2240 filijs
334 2152 498 2235 qnondam
515 2143 763 2230 magniDetrioi
779 2141 925 2226 Comitis,
943 2141 1125 2224 sexaginta
1136 2141 1360 2225 jugoraterre,

236 2249 406 2344 inquibus
423 2257 550 2323 soitioet
564 2251 777 2336 requirebant
793 2269 812 2317 e
828 2267 986 2317 oonuerso
1014 2247 1092 2314 dioti
1120 2247 1260 2330 nobiles,
1271 2248 1363 2316 illam

237 2375 359 2433 terram
374 2360 608 2428 hereditariam
625 2379 699 2428 esse
725 2365 758 2424 et
782 2355 885 2424 tuisse
901 2354 1117 2420 affirmabant.
1134 2352 1204 2420 Nos
1219 2374 1298 2422 vero
1317 2355 1364 2424 ab

238 2470 387 2539 omuibus
398 2468 500 2553 ipsius
521 2465 689 2552 prouinoie
708 2470 742 2530 et
758 2464 929 2530 comitatus
941 2462 1104 2530 nobilibus
1121 2468 1155 2528 et
1164 2461 1365 2549 ignobilibus

235 2574 429 2661 inquirendo
446 2574 638 2655 invenimur,
659 2573 733 2659 ipsa
750 2572 926 2656 sexaginta
952 2570 1075 2656 jugera
1104 2575 1191 2636 terro
1215 2577 1365 2657 tompore

235 2685 372 2753 aliorum
398 2680 633 2764 inquisitorum,
658 2678 811 2745 videlieet
837 2677 971 2745 Comitis
998 2676 1090 2743 Zuda
1101 2726 1111 2761 ,
1142 2683 1176 2744 et
1199 2677 1365 2764 Nioholay

235 2790 294 2877 filij
312 2787 469 2872 Omaden,
488 2795 521 2853 et
536 2785 687 2870 Obopani
702 2785 760 2871 filij
779 2783 953 2851 Morobard
973 2804 1083 2850 ooram
1099 2783 1284 2853 bominibus
1300 2783 1364 2852 Re·

239 2899 303 2986 gis,
320 2897 478 2963 videlieet
492 2896 662 2960 Mortunus
686 2893 754 2960 filio
771 2890 851 2977 Oob,
868 2901 902 2959 et
922 2895 1049 2960 Mortun
1069 2893 1171 2959 fratre
1205 2893 1362 2975 Dumana,

236 3024 277 3070 ao
293 3004 398 3070 eoiam
413 3008 560 3087 tempore
584 3001 782 3067 venerabilis
808 2999 929 3065 domini
956 3000 1089 3086 Georgij
1117 3000 1273 3086 Episcopi
1289 3002 1363 3068 Iau-

237 3110 355 3178 riensis
371 3130 429 3195 per
446 3129 539 3176 suam
554 3109 722 3175 Dioeesim
737 3107 858 3174 Iudicis
875 3113 1034 3174 terrarum
1050 3107 1129 3174 dieti
1145 3107 1269 3175 domini
1283 3110 1364 3176 Bete

237 3217 356 3302 Regis,
372 3217 556 3284 invenimus
572 3216 674 3282 fuisse
691 3223 724 3280 et
740 3234 815 3282 esse
826 3213 1044 3298 prodiotorum
1061 3215 1218 3282 nobilium
1239 3217 1364 3285 Detrioi

239 3332 273 3391 et
282 3323 469 3412 Nyobolay,
486 3323 624 3391 filiorum
638 3321 765 3387 Detrioi
779 3318 996 3403 bereditaria;
1014 3318 1097 3388 siout
1107 3321 1211 3387 eoiam
1224 3341 1283 3407 per
1298 3342 1364 3390 oer-

239 3441 292 3499 tas
308 3439 342 3500 et
357 3451 453 3500 veras
468 3437 574 3498 metas
591 3431 677 3498 idem
693 3429 821 3496 nobiles
833 3428 1363 3514 eomprobauerunthostendendo,

238 3538 433 3623 insipientes
449 3559 469 3603 a
485 3538 587 3604 tribus
604 3538 699 3604 metis
717 3538 805 3603 oiroa
820 3539 933 3603 Banna
958 3545 1081 3602 terram
1105 3536 1253 3604 Eoolesie
1269 3537 1364 3604 Beati

239 3645 379 3712 Adriani
395 3645 437 3710 de
452 3645 533 3711 Zala
548 3665 613 3712 non
628 3651 803 3728 renouate;
831 3665 852 3710 a
866 3644 965 3710 fluuio
981 3645 1089 3728 Mirag
1114 3646 1233 3711 transit
1256 3647 1360 3730 ipsam

239 3751 376 3836 inparte
392 3752 526 3818 orientis
542 3753 585 3817 ad
602 3751 683 3818 duas
699 3759 804 3818 metas
821 3753 854 3818 in
870 3753 977 3816 latere
993 3753 1094 3836 ipsius
1110 3752 1199 3837 fluuij
1218 3753 1362 3835 positas3

240 3861 358 3942 postea
369 3857 459 3924 vadit
476 3858 519 3923 ad
534 3879 632 3925 vnum
649 3865 768 3925 motam
784 3859 817 3922 in
834 3860 901 3923 alto
918 3858 1060 3942 quodam
1078 3857 1171 3924 iuxta
1186 3861 1272 3925 viam
1289 3878 1362 3925 oon-

239 3963 374 4031 finando
391 3985 462 4030 oum
480 3965 725 4052 terraFarossij
738 3989 746 4050 3
758 3968 833 4032 inde
844 3967 991 4051 procedit
1007 3967 1051 4032 ad
1067 3968 1150 4033 duas
1166 3974 1280 4048 metas,
1300 3986 1363 4049 quo

244 4079 401 4156 separant
416 4077 536 4138 terram
553 4071 702 4156 Furcasij
735 4072 1007 4139 aternaffliorum
1031 4073 1173 4158 Detrioi;
1198 4073 1367 4158 postesad

238 4180 396 4247 orientem
423 4177 528 4244 eundo
553 4179 644 4244 vadit
659 4181 702 4246 ad
726 4186 792 4246 tros
802 4187 917 4264 motas,
931 4201 994 4265 que
1011 4189 1170 4268 separant
1179 4183 1316 4266 Vosyan
1341 4202 1362 4247 a

239 4293 328 4354 terra
342 4287 495 4372 Farkasij
523 4296 557 4353 et
580 4284 724 4371 Vrbani3
749 4289 887 4373 posthae
910 4287 1002 4356 vadit
1026 4287 1069 4356 ad
1094 4288 1181 4355 Posa
1197 4287 1303 4374 uetey
1319 4286 1364 4353 ad

241 4392 323 4460 duas
339 4401 443 4462 metas
458 4416 479 4461 a
495 4393 629 4462 meridie
646 4394 794 4462 eiusdem
810 4395 933 4481 Teteu;
958 4401 1076 4482 postea
1095 4394 1201 4462 eundo
1217 4393 1368 4481 peruenit
