3184 5064
637 285 643 302 -
700 230 858 332 aa..

206 425 343 504 aeneia,
376 425 592 496 exbibuerunt
621 427 717 493 nobis
749 426 812 494 duo
836 425 931 512 paria
967 424 1147 492 litterarum
1171 423 1341 490 memoria·

205 531 291 600 lium
310 533 435 604 domini
450 537 552 604 nostri
567 535 647 602 Belo
663 536 762 620 Regis
779 534 919 601 illustris
934 533 1112 616 Hungarie,
1133 549 1269 615 quarum
1294 534 1341 595 tc·

204 661 271 708 nor
288 643 371 710 talis
387 649 457 710 est:

324 749 448 815 Datum
464 766 523 833 pro
539 749 705 832 memoria,
723 747 810 832 quod
826 749 936 815 Fauno
951 745 1063 814 Abbas
1080 744 1195 812 Sancti
1209 741 1341 834 Martini

20 927 22 953 ÷
207 851 244 917 in
262 854 377 921 madio
394 853 653 950 quadragesime,
671 857 772 924 Peteu
789 857 907 922 eteius
928 851 1179 937 consanguineis
1191 848 1341 934 jobagio-
1470 889 1474 898 ·

134 971 138 978 '
180 959 184 974 '
205 961 311 1026 nibus
326 961 426 1029 castri
456 962 639 1045 Zolgageur
655 961 697 1028 de
711 963 793 1029 villa
809 961 923 1030 Gulier
940 982 998 1046 pro
1015 961 1259 1042 terraZamtou,
1276 975 1338 1040 qne

208 1065 315 1134 dictis
328 1067 564 1152 jobagionibus
580 1068 621 1133 de
636 1069 819 1154 Zolgageur
834 1069 926 1136 titulo
958 1067 1138 1152 empcionis
1154 1064 1262 1130 luerat
1285 1062 1339 1128 de-

208 1176 343 1259 uoluta,
359 1174 451 1242 iuxta
466 1181 610 1242 nostram
626 1176 830 1243 sentenciam
846 1177 944 1243 debet
954 1175 1074 1258 viginti
1090 1175 1232 1264 quinque
1255 1189 1341 1238 mar-

207 1299 271 1349 cas
288 1282 419 1348 soluere
435 1289 468 1347 et
484 1282 566 1354 duas
581 1302 640 1368 pro
652 1283 778 1367 judicio
795 1283 923 1367 Regali,
941 1301 1050 1348 eornm
1061 1277 1249 1365 porcionem
1266 1297 1341 1345 oon·

207 1390 400 1472 tingentes,
427 1405 499 1454 oum
525 1389 669 1456 denariis
694 1389 873 1474 Regalibus
899 1389 942 1455 ad
958 1387 1105 1474 pondus,
1131 1385 1185 1451 vel
1202 1387 1338 1468 argento

209 1495 345 1562 decime
362 1495 598 1562 combustionis
615 1516 725 1562 coram
741 1496 893 1582 Capitulo
909 1495 1081 1562 lauriensi.
1099 1491 1249 1560 Prolatus
1264 1509 1340 1561 vero

208 1603 320 1669 Peteu
335 1611 369 1668 et
384 1603 454 1668 eius
472 1603 707 1685 consanguinei
724 1601 757 1668 in
773 1604 846 1688 ipsa
863 1601 972 1668 media
984 1623 987 1628 ’
999 1599 1251 1684 quadragesima
1275 1596 1340 1682 pri·

208 1708 339 1792 uilegia
354 1727 450 1794 super
481 1709 570 1775 dicta
594 1699 683 1776 ter'ra
714 1692 849 1776 Zamtou
879 1729 937 1794 per
967 1708 1199 1774 Monastcrium
1229 1705 1341 1772 Sancti

203 1815 350 1881 Martini
366 1821 400 1881 et
415 1816 602 1900 Capitulum
619 1818 787 1884 lauriense
804 1815 956 1884 conlecta
972 1836 1082 1883 coram
1104 1814 1220 1880 eodem
1246 1810 1341 1896 Capi·

207 1920 288 1986 tulo
304 1921 427 1988 Abbati
441 1925 613 1991 restituere
639 1925 847 2010 supradicto,
874 1927 903 1991 si
918 1925 1085 2009 potuerint
1108 1920 1287 2002 rehabere;
1305 1903 1341 1982 'si
1390 1941 1392 1947 ·

210 2048 296 2096 vero
327 2027 485 2096 rehabere
516 2050 581 2096 non
613 2033 795 2117 potuerint,
828 2031 952 2098 dabunt
983 2031 1089 2097 eidem
1120 2027 1243 2095 Abbati
1258 2017 1368 2091 litte·¹

212 2155 275 2200 ras
290 2143 421 2200 nostras
438 2143 472 2201 et
487 2136 630 2222 Capituli
645 2139 822 2204 lauriensis
840 2157 937 2223 super
954 2157 1002 2221 eo,
1024 2137 1109 2220 quod
1124 2135 1231 2200 littere
1248 2132 1341 2198 Salo·

212 2239 323 2307 monis
341 2242 479 2310 Abbatis
497 2251 529 2311 et
545 2245 733 2312 Conuentns
750 2247 863 2313 Sancti
880 2245 1010 2312 Martini
1037 2246 1077 2309 a'c
1102 2231 1244 2326 Capituli
1269 2239 1340 2304 Iau-

216 2348 339 2416 rieusis
355 2368 455 2434 super
470 2359 638 2419 contractu
654 2352 801 2439 predicte
816 2358 902 2419 terre
927 2352 1073 2419 consecte
1098 2349 1282 2430 vbiounque
1307 2345 1341 2410 in

212 2455 341 2540 jndicio
358 2457 477 2523 luerint
492 2445 657 2545 exhibite‘,
689 2461 779 2527 irrite
810 2467 844 2526 et
873 2478 969 2526 casse
985 2458 1115 2544 penitus
1138 2449 1340 2535 habeantur3

219 2562 307 2646 qnod
323 2565 387 2630 nisi
402 2567 539 2632 fecerint
547 2616 556 2650 ,
573 2569 647 2654 ipsa
663 2577 751 2637 terra
767 2570 893 2653 absque
917 2568 1058 2653 pecunia
1081 2563 1203 2633 Abbati
1227 2578 1343 2648 perpe·

220 2670 363 2736 tuebitur
378 2671 551 2738 antedicto.
583 2675 619 2741 Si
634 2693 712 2738 vero
728 2674 841 2740 Abbas
856 2674 890 2754 in
907 2671 1074 2740 solucione
1089 2671 1217 2756 prefato
1241 2685 1338 2752 pecu-

218 2775 272 2844 nie
283 2777 452 2860 negligens
463 2780 616 2864 extiterit,
627 2783 765 2847 eandam
774 2786 895 2846 terram
905 2780 1007 2864 ijdem
1018 2777 1216 2862 jobagiones
1226 2774 1342 2858 Zolga

220 2901 396 2966 geurenses
422 2884 638 2966 possidebunt
669 2886 933 2952 contradicciono
958 2888 1072 2970 aliqua
1087 2902 1153 2969 non
1178 2882 1339 2948 obstante.

221 2990 371 3080 Ceterum
386 2997 582 3059 memoratus
608 2995 711 3060 Peteu
728 2999 761 3060 et
776 2993 846 3060 eius
863 2995 992 3078 cognati
1009 2989 1138 3059 edificia
1164 3006 1340 3071 sucusque

221 3095 416 3180 quindenam
432 3099 530 3164 Beati
540 3100 672 3184 Georgii
688 3102 728 3167 de
739 3107 827 3166 terra
837 3089 1251 3184 transierentsnpradicta3
1265 3101 1342 3162 sata

220 3223 297 3272 vero
314 3223 375 3270 sua
391 3208 598 3273 autumnalia
617 3206 754 3291 pacifice
770 3226 829 3291 pro
854 3227 889 3274 se
915 3208 1073 3291 recipient
1090 3213 1244 3292 ¹tempore
1268 3221 1341 3269 con-

221 3330 301 3398 gruo
316 3312 387 3378 sine
403 3309 535 3381 damno.
552 3315 673 3380 Datum
688 3334 793 3401 prope
809 3312 935 3381 Budam
950 3313 984 3379 in
1001 3314 1126 3399 Chepel
1142 3315 1175 3380 in
1196 3309 1340 3378 crastino

221 3418 310 3486 Luce
326 3420 549 3505 Evangelistc.

325 3526 365 3592 ln
380 3526 511 3611 prelato
528 3535 637 3596 autem
653 3529 763 3595 medio
779 3529 1031 3614 quadragesime
1046 3527 1142 3594 dictis
1158 3525 1340 3592 Laurencio

221 3633 355 3700 Decano
372 3641 405 3699 et
421 3636 562 3702 Martino
579 3635 702 3704 Curiali
719 3635 844 3702 Comite
860 3655 902 3702 ex
919 3657 983 3702 vna
998 3643 1103 3721 parte,
1120 3637 1220 3702 Peteu
1236 3633 1341 3701 eciam

221 3747 254 3804 et
265 3739 337 3805 suis
353 3743 607 3827 consanguineis
629 3745 815 3828 antedictis,
835 3743 1069 3829 jobagionibus
1086 3741 1212 3809 scilicet
1225 3741 1341 3826 Zolga

221 3847 435 3929 geurensibus
452 3849 494 3915 de
510 3850 596 3942 villa¹
606 3851 707 3916 Celer
733 3853 766 3916 in
791 3857 904 3917 nostra
933 3849 1106 3936 presencia
1137 3848 1340 3930 constitutis;

221 3954 308 4020 idem
323 3957 525 4026 Laurencius
547 3958 700 4026 Deoanus
726 3967 758 4024 et
784 3961 945 4026 Martinus
971 3958 1110 4025 Curialis
1136 3958 1254 4026 Comes
1278 3973 1340 4038 pro

221 4061 309 4128 dicto
326 4063 457 4131 domino
475 4065 567 4132 Fauo
584 4065 714 4133 Abbate
746 4065 862 4133 Sancti
877 4066 1010 4134 Martini
1026 4067 1068 4134 de
1099 4066 1200 4132 Sacro
1232 4061 1341 4130 Monte

221 4170 389 4237 Pannonie
407 4178 440 4238 et
455 4173 624 4239 Conuentn
635 4174 827 4258 existentes,
837 4163 914 4240 illas
923 4173 1039 4258 viginti
1054 4173 1195 4256 quinque
1212 4185 1342 4234 marcas

221 4296 279 4362 pro
295 4287 384 4345 terra
398 4279 554 4363 Zamtou,
571 4285 604 4345 et
620 4271 701 4347 duas
717 4301 775 4367 pro
787 4279 913 4364 judicic
929 4281 1046 4364 Regali
1061 4279 1245 4366 porcionem
1261 4272 1343 4338 dicti

219 4385 321 4450 Peleu
338 4393 372 4452 et
395 4404 525 4452 suorum
550 4389 864 4470 consanguineorum
890 4388 1113 4473 contingentes
1139 4401 1211 4448 cum
1237 4381 1339 4448 dena·

218 4489 278 4559 riis
294 4493 477 4582 Regalibus
492 4491 536 4560 ad
552 4493 680 4581 pondus
698 4515 809 4564 coram
823 4494 917 4564 nobie
937 4493 1087 4580 plenarie
1102 4487 1341 4575 persoluerunt·
