3140 5044
722 161 789 232 268

197 359 362 428 firmitatis
388 359 576 442 obtineant,
602 379 662 426 nec
687 379 746 445 per
762 357 896 426 eosdem
921 359 1131 446 uduornicos‚
1152 366 1186 426 st
1202 360 1322 430 liberos

201 467 474 550 udvsrnicorum,
500 467 552 532 vel
568 468 702 534 comites
727 467 905 534 eorundem
921 467 997 535 vllis
1013 487 1156 550 uuquam
1172 471 1321 555 tempori-

196 575 258 640 bns
273 575 380 660 possit
395 574 428 640 in
438 573 561 640 irritum
572 574 741 656 reuocari,
766 573 799 640 in
817 573 1037 640 testimoiuum
1054 575 1102 640 rei
1119 581 1213 657 geste
1230 576 1320 644 dedi·

196 697 270 745 mus
286 685 456 764 presentes
472 678 586 746 literas
598 679 707 766 sigillo
724 686 835 746 nostro
857 681 1039 747 roboratas.
1056 681 1091 746 Si
1108 701 1185 750 vero
1201 681 1322 766 aliquis

196 785 389 854 maliciosus
405 785 467 852 hoe
492 791 648 854 statutum
664 796 698 855 et
708 787 869 874 judicium
894 788 1113 874 predictorum
1134 797 1321 876 attemptare

193 892 450 976 presumpserit,
473 895 564 961 velut
587 896 843 981 calumpniosus,
859 901 893 962 et
906 894 983 980 plus
1000 916 1098 979 quam
1116 898 1315 984 calumpnie-

193 1015 249 1064 sus
266 996 506 1066 condemnetur.
517 1001 638 1069 Datum
649 1021 735 1069 auno
745 1001 877 1069 Domini
887 1001 1060 1070 millesime
1070 1003 1185 1072 GG⁰L⁰
1195 1005 1317 1091 quinto.

346 1173 490 1247 (Eredetie
508 1193 526 1232 a
543 1176 757 1236 ssent-msrtoni
776 1175 928 1250 fdapdtsig
940 1176 1162 1250 loveltcrsban.)

190 1841 300 1908 Jclceh
316 1862 354 1904 cz
370 1839 553 1923 consponsi
576 1833 941 1923 Jdcoslocopokfls'odlce
957 1841 1124 1905 tdrsaiack
1140 1863 1312 1929 mepapyes·

189 1949 266 2014 escol
280 1947 407 2012 Kircdo
426 1943 494 2009 Ζέυό
512 1943 676 2031 sedlejdlcet
697 1942 819 2030 Ohecdy
837 1945 1314 2036 azabadoocllildoospemtocs

191 2055 314 2120 ulvosa
329 2053 440 2118 simon
454 2049 682 2138 szolpdjekcolc
711 2051 790 2137 ddja
805 2050 856 2115 ket
872 2053 921 2115 cvi
936 2051 1102 2139 szolpdlcti
1116 2054 1167 2139 dij
1174 2055 1313 2152 sejddaa.

702 2158 801 2222 1255.

292 2304 362 2370 Nos
378 2301 479 2369 trater
493 2297 669 2387 d(aeobus)
685 2301 808 2368 Divina
817 2299 1044 2370 misericordia
1053 2303 1212 2388 Magister
1226 2305 1311 2372 Hos·

183 2412 297 2499 pitalis
313 2407 437 2476 Domus
453 2406 567 2474 Sancti
582 2407 744 2494 Stephani
758 2410 858 2493 Regis
875 2409 917 2476 de
930 2409 1097 2496 Strigouio
1113 2417 1148 2477 et
1164 2411 1311 2480 Conuen-

184 2527 238 2587 tus
254 2518 401 2598 eiusdem
427 2515 649 2601 significamus
674 2515 822 2584 omnibus
852 2516 973 2584 Christi
985 2516 1137 2586 fidelibus
1153 2527 1222 2588 tam
1237 2541 1308 2606 pre-

185 2623 348 2708 sentibus,
375 2643 475 2709 qnam
501 2623 619 2692 tuturis
634 2623 792 2692 noticiam
807 2625 1014 2707 presencium
1030 2622 1202 2710 habituris,
1220 2629 1309 2711 qnod

183 2735 313 2802 vineam
323 2731 452 2798 Alberti
461 2732 557 2800 sitam
573 2731 607 2798 in
623 2729 728 2797 Kirna
736 2729 827 2796 iuxta
842 2731 976 2798 vineam
991 2731 1142 2800 ldarcelli
1159 2734 1306 2818 comitis,

182 2860 245 2928 qne
260 2840 330 2906 lure
355 2857 416 2906 nos
433 2837 593 2923 contingit
602 2886 611 2922 ,
637 2855 735 2920 qoem
762 2836 896 2925 Oheehy
911 2838 1065 2908 libertino
1082 2839 1236 2908 Ecclesie
1250 2861 1306 2908 no·

181 2959 249 3018 stre
266 2947 532 3018 commiseramus
563 2953 697 3031 propter
726 2946 936 3033 multiplicem
961 2947 1185 3016 infidelitatem
1201 2949 1306 3035 ipsius

183 3053 361 3125 abeodem
387 3054 587 3136 auterendo,
618 3055 691 3139 pari
718 3055 888 3122 uoluntate
914 3076 956 3123 ac
981 3058 1142 3123 communi
1168 3054 1304 3125 consilio

183 3163 415 3246 commisimus,
432 3159 599 3246 dedimus,
617 3163 810 3230 contulimus
827 3170 860 3229 et
875 3161 1135 3231 confirmanimus
1150 3163 1308 3249 symeoni

182 3271 273 3340 fideli
300 3269 457 3338 seruienti
480 3263 593 3338 nostro
608 3287 668 3356 pre
686 3270 850 3355 stipendio
866 3270 918 3338 sui
933 3268 1040 3338 tidelis
1055 3271 1188 3355 seruioij
1205 3271 1301 3338 nobis
1386 3305 1389 3310 ·

183 3379 299 3448 exibiti
324 3375 412 3465 (lgy)
438 3378 575 3446 duorum
601 3397 770 3464 annornm,
795 3383 928 3464 propter
945 3379 1149 3462 exigenciam
1165 3379 1304 3447 aliarum

180 3505 292 3555 rernm
326 3491 439 3554 nostre
455 3485 606 3554 Ecclesie
622 3503 725 3570 nsque
741 3486 776 3553 in
793 3484 878 3553 tilios
894 3485 1034 3556 filiorum
1050 3491 1207 3572 perpetuo
1227 3507 1302 3574 pos·

180 3593 361 3664 sidendam.
377 3595 429 3660 Ne
445 3613 523 3679 ergo
539 3593 619 3662 talis
632 3593 819 3662 commissio
829 3595 1039 3682 imposterum
1048 3615 1107 3681 per
1116 3583 1305 3682 quempiam

180 3703 317 3769 cacum
333 3717 391 3768 seu
415 3707 599 3770 nestrorum
624 3719 848 3769 successorum
864 3702 1074 3786 aliquatenus
1090 3704 1196 3788 possit
1210 3703 1244 3770 in
1260 3703 1301 3770 ir·

178 3808 279 3876 ritum
303 3808 472 3892 reuocari,
506 3815 679 3892 presentes
694 3808 916 3876 concessimus
932 3811 1059 3878 litteras
1074 3809 1176 3894 sigilli
1192 3813 1294 3879 uestri

177 3914 355 3986 munimine
370 3917 551 3984 roboratas.
568 3920 662 3985 lluuo
678 3916 852 3986 Dominice
867 3919 1113 3988 incarnacionis
1134 3917 1300 3986 lt⁰oc⁰u⁰

180 4024 301 4108 quinte.

284 4163 395 4232 lapsus.
408 4159 464 4218 liis
476 4157 711 4235 hsnyasaeleten
724 4165 795 4237 aprd
817 4163 885 4237 susp
908 4163 1020 4222 irdssal.
1034 4164 1062 4221 Δ
1082 4157 1299 4237 peessttdreddk

178 4249 349 4324 remssarga
362 4251 491 4323 selymen
503 4249 583 4324 regg.

177 4339 476 4413 (Persouykiptalanl
504 4339 643 4414 crsatgos
667 4341 790 4400 lsvsltdr
819 4342 915 4417 (lapsa
936 4344 1014 4402 xlv.
1036 4341 1106 4398 fasc.
1127 4341 1169 4396 17.
1189 4340 1258 4396 Nro.

715 4435 831 4506 sm.)

616 4547 862 4564 Ἢ
