3282 5032
820 287 840 352 3

261 481 348 570 quod
364 481 394 549 si
409 481 578 563 contingat
593 497 650 546 eos
666 479 715 546 irc
733 497 803 546 cum
819 479 968 562 Abbate,
986 481 1120 546 Decano
1145 481 1199 547 uel
1223 483 1382 550 monacho

259 597 316 656 aut
331 589 448 656 curiali
464 588 580 656 comite
597 588 668 654 siue
684 608 758 655 cunr
774 588 891 655 nuncio
907 587 1069 673 ribbodo,
1088 607 1190 672 equos
1214 609 1291 658 suos
1307 611 1381 676 pro-

244 693 374 765 'cur'ant
388 697 531 784 propriis
548 695 722 781 expensis,
745 715 887 780 persone
911 715 989 763 uero
1005 696 1149 778 ipsorum
1165 703 1383 784 procurantur

257 807 291 872 in
309 805 526 890 victualibus,
551 803 707 889 quamdiu
733 811 809 872 suut
824 805 859 871 in
875 803 930 872 via
946 824 988 871 ex
1003 809 1097 891 parte
1112 806 1314 874 monasterii.
1347 803 1384 870 Si

259 934 336 982 nero
350 913 522 980 mittantur
537 913 581 980 ad
596 913 800 999 legacionem
825 933 885 998 per
910 933 967 999 se,
992 920 1071 979 tunc
1086 933 1122 980 se
1138 921 1171 979 et
1187 933 1289 998 equos
1305 932 1382 980 suos

248 1022 399 1109 ,propriis
416 1023 570 1108 expensis
586 1029 771 1109 procurant.
802 1024 884 1098 Item
903 1041 1098 1106 unaqueque
1113 1022 1240 1088 mansio
1256 1027 1383 1089 tenetur

260 1132 295 1197 in
310 1147 369 1198 sno
385 1149 480 1196 curru
496 1137 530 1198 et
544 1129 739 1198 animalibus
754 1135 885 1216 portare
909 1132 1069 1198 tunellum
1085 1131 1154 1197 vini
1170 1129 1210 1196 de
1226 1129 1301 1198 vino
1318 1150 1383 1197 mo·

262 1235 400 1305 casterii
414 1237 602 1323 inpropriis
627 1237 781 1323 expensis
797 1241 837 1304 de
853 1238 1002 1324 Symigio
1021 1237 1109 1305 etde
1125 1239 1205 1305 Sala
1220 1257 1324 1324 usque
1340 1238 1384 1303 ad

262 1345 380 1414 dictum
396 1347 627 1414 monasterium
644 1348 757 1416 Sancti
772 1347 914 1414 Martini.
946 1348 1029 1413 Item
1045 1366 1240 1431 unaqueque
1257 1345 1384 1412 mansio

263 1454 361 1521 debet
375 1460 498 1521 metere
514 1457 711 1523 monasterio
727 1454 811 1522 duas
828 1455 976 1540 capetias
993 1461 1026 1520 et
1041 1475 1107 1521 una
1122 1453 1176 1522 dic
1191 1453 1301 1522 fenum
1320 1453 1384 1520 eol·
1474 1525 1476 1530 ,

170 1611 172 1614 -
261 1562 362 1648 ligere
379 1571 411 1630 et
425 1582 493 1628 una
509 1562 562 1629 die
577 1563 688 1630 fenum
704 1571 846 1650 portare.
878 1565 1034 1631 Preterea
1058 1563 1102 1630 ad
1127 1563 1249 1629 festum
1272 1562 1385 1630 Sancti

261 1671 394 1737 Martini
410 1670 557 1754 quelibet
571 1672 698 1766 mansio
715 1671 814 1737 debet
830 1669 910 1736 dare
925 1689 1024 1735 unam
1039 1669 1169 1756 ydriam
1184 1689 1334 1756 annone,
1352 1677 1385 1734 et

261 1777 363 1844 aliam
377 1777 497 1862 brasii,
522 1782 555 1843 et
568 1797 667 1844 unum
693 1778 811 1844 bouem
834 1775 1010 1843 triherbem
1035 1773 1076 1842 de
1102 1776 1272 1841 communi.
1304 1777 1385 1844 Item

262 1883 342 1952 daut
356 1884 480 1954 liberas
497 1885 640 1954 decimas
657 1885 742 1953 dicto
758 1883 957 1952 monasterio
974 1883 1015 1950 de
1030 1883 1180 1948 omnibus
1195 1883 1291 1950 bonis
1306 1885 1384 1952 suis.

261 1993 345 2060 Item
360 1994 461 2062 semel
476 1993 510 2059 in
526 2014 613 2062 anno
630 1993 750 2062 debent
764 2011 939 2081 procurare
955 1990 1118 2059 dominum
1128 1991 1290 2060 Abbatcm
1308 1991 1387 2060 dicti

261 2101 450 2168 monasterii
465 2121 537 2169 cum
552 2121 616 2168 nno
632 2102 718 2171 boue
734 2102 874 2186 trienni,
891 2101 924 2167 in
940 2099 1061 2187 galinis
1078 2121 1175 2184 uero,
1201 2101 1386 2186 anseribus,

262 2211 348 2286 vino,
364 2207 506 2274 oeruisia
521 2215 556 2275 et
568 2209 717 2294 panibus,
733 2208 810 2275 feno
826 2213 859 2274 et
874 2227 1006 2274 annona
1021 2210 1065 2275 ad
1080 2207 1325 2276 sufficienciam.
1350 2209 1387 2276 Si

262 2323 371 2383 autem
384 2335 451 2382 non
468 2315 807 2401 contingatdbbatem
825 2315 1024 2382 descendere
1040 2315 1125 2382 inter
1141 2336 1208 2400 eos,
1217 2318 1387 2402 predictas

263 2423 519 2509 procuraciones
534 2424 668 2509 lpsimet
683 2429 816 2508 portant
832 2421 875 2489 ad
887 2424 1135 2491 monasterium.
1166 2425 1252 2491 Item
1267 2423 1387 2492 debent

263 2538 396 2618 portare
411 2531 553 2617 lapides,
564 2549 693 2598 asseres
709 2531 742 2598 in
758 2533 899 2617 propriis
915 2529 1062 2598 curribus
1079 2539 1113 2600 et
1127 2532 1326 2600 animalibus
1343 2533 1387 2600 cd

263 2639 509 2725 monasterium,
526 2646 559 2706 et
575 2639 739 2707 custodire
755 2639 877 2708 cumam
897 2639 1046 2708 Abbatis.
1078 2640 1220 2707 Nomina
1234 2640 1388 2708 uduorni-

265 2765 375 2814 corum
391 2747 434 2814 de
450 2747 567 2814 eadem
583 2749 664 2814 villa
678 2747 740 2814 hec
757 2754 850 2814 sunt:
876 2747 958 2834 Tad,
976 2747 1081 2835 Chyd,
1099 2747 1232 2834 Ghelrle,
1250 2749 1387 2836 Malous,

265 2853 434 2940 Golombu,
453 2873 524 2921 cum
541 2856 659 2924 ceteris
675 2857 824 2940 cognatis
841 2857 919 2942 suis,
937 2857 993 2941 qui
1009 2858 1178 2925 vduomIci
1193 2859 1325 2926 insimul
1342 2857 1388 2926 la·

265 2963 352 3028 ciunt
367 2963 440 3030 LVI
455 2962 642 3032 mansiones
657 2971 769 3051 preter
792 2966 929 3034 iuuenes
946 2971 978 3032 et
992 2966 1159 3052 paruulos.
1181 2967 1233 3032 Et
1257 2967 1313 3034 isti
1339 2987 1388 3034 se·
1468 2995 1472 3001 ·

267 3069 405 3137 cundum
420 3072 586 3156 propriam
602 3092 694 3140 suam
711 3073 948 3142 confessionem
971 3081 1122 3142 tenentur
1138 3073 1181 3141 ad
1196 3075 1306 3142 omnia
1321 3095 1388 3142 ser·

265 3178 421 3246 niciorum
437 3199 560 3266 genera
568 3231 578 3265 ,
603 3181 689 3249 siout
704 3181 737 3249 in
753 3179 927 3268 priuilegio
943 3183 1077 3250 secundi
1091 3182 1225 3249 Andrea
1240 3183 1341 3265 Regis
1356 3189 1390 3248 ct

266 3285 411 3354 PalatIni
425 3290 580 3374 temporis
596 3285 805 3377 sui'Nicolay
819 3291 948 3374 plenius
965 3287 1156 3354 continetur.
1179 3288 1322 3355 Nomina
1337 3309 1390 3356 cc·

267 3411 401 3477 quorum
418 3392 458 3460 de
475 3393 590 3462 eadem
606 3397 685 3464 villa
702 3403 775 3463 sunt
790 3398 872 3463 hec:
900 3393 1043 3482 Syldev‚
1069 3395 1220 3480 Fenchc,
1239 3395 1389 3478 Ohotina,

266 3500 389 3586 Zubud,
406 3503 510 3588 Vros‚
526 3501 685 3569 Zumboth
701 3523 773 3569 oum
789 3521 850 3570 sua
867 3499 1068 3589 cognacione
1084 3509 1117 3570 et
1131 3500 1226 3584 filiis,
1242 3504 1296 3586 qui
1312 3506 1389 3574 insi-

266 3609 334 3674 mul
351 3616 427 3674 sunt
441 3609 520 3676 XVI
535 3610 723 3676 mansiones
739 3616 851 3694 preter
866 3611 1001 3678 iuuenes
1027 3615 1060 3677 et
1077 3613 1251 3698 paruulos3
1277 3621 1310 3680 et
1334 3615 1390 3682 isti

259 3713 445 3781 secundum
461 3713 703 3783 confessionem
729 3735 821 3787 suam
847 3720 891 3787 ad
915 3720 1011 3806 plura
1036 3720 1248 3788 seruiciorum
1266 3740 1390 3806 genera

268 3821 446 3890 secundum
461 3831 606 3894 tenorem
622 3826 865 3914 priuilegiorum
877 3829 991 3896 Sancti
1001 3829 1153 3898 Ladizlai
1168 3837 1201 3896 et
1210 3829 1313 3912 RegIs
1323 3831 1388 3898 An-

268 3933 357 4000 dree.
381 3931 451 3998 Hec
475 3939 550 4000 sunt
575 3919 708 4003 nomina
732 3936 774 4003 de
799 3937 915 4004 eadem
935 3937 1016 4004 villa
1032 3937 1232 4020 equestrium
1247 3939 1390 4004 seruien·

268 4039 373 4109 cium:
390 4039 506 4124 Seleu,
524 4043 642 4128 Pousa,
658 4044 743 4130 Aga,
760 4044 891 4130 Oheme,
908 4043 1006 4128 Sego,
1027 4064 1098 4111 cum
1115 4065 1175 4111 sua
1191 4043 1391 4128 cognacIcne

269 4147 402 4236 stillis,
420 4151 475 4235 qui
491 4149 622 4218 insimul
633 4151 730 4218 XXII
745 4153 933 4220 mansiones
949 4159 1058 4238 preter
1074 4153 1208 4220 iuuenes
1224 4161 1257 4219 et
1272 4171 1390 4238 paruu-

268 4257 337 4342 los;
363 4266 396 4326 et
420 4257 473 4326 isti
499 4263 649 4324 tenentur
672 4259 849 4327 secundum
875 4261 1113 4328 confessionem
1132 4281 1242 4328 eorum
1256 4267 1391 4347 portare

270 4384 383 4433 currus
406 4367 582 4435 honoratos
607 4369 797 4436 monasterii
821 4369 855 4436 in
880 4366 1020 4457 propriis
1045 4370 1136 4454 equis
1160 4369 1335 4456 pinguibus
1359 4377 1392 4436 et

268 4475 418 4559 personis
434 4477 556 4560 ubique
571 4495 630 4564 per
644 4477 792 4563 Regnum
808 4477 954 4564 Vngaric
970 4479 1055 4545 siout
1069 4497 1208 4546 necesse
1225 4477 1341 4562 suerit,
1358 4484 1393 4543 et

269 4581 314 4648 ad
338 4585 407 4650 alla
431 4585 541 4653 omnia
565 4604 689 4675 genera
713 4585 944 4668 seruiciorum,
961 4586 1203 4670 preter-vineas
1220 4591 1253 4651 et
1268 4591 1392 4668 aratra,

1193 4685 1233 4754 11
