3154 5030
673 299 832 406 Q

190 499 320 568 Joaune
336 499 491 576 necaro,
507 505 540 564 et
556 499 675 568 ceteris
691 497 919 570 existentibus.
944 499 1064 570 Actum
1078 517 1165 570 anno
1180 491 1314 569 Domini
1327 519 1329 524 ·

191 605 403 677 M⁰OC⁰XL⁰.
1100 605 1120 646 ⁹
1144 611 1147 616 '

375 809 380 819 ·
456 825 461 836 .
543 779 601 854 (Aa
619 783 730 842 euedeti
746 783 825 843 uttn.
846 786 954 856 duel).

635 1041 856 1057 Ἣ

735 1399 790 1465 69.

195 1579 304 1645 Doodt
320 1575 457 1664 tetmpi
464 1575 603 1664 sdiapcic
623 1575 639 1640 l
644 1575 678 1642 V
696 1577 779 1642 Bc'lu
793 1573 899 1666 loir-dly
908 1582 1111 1663 pcraoesdra
1135 1601 1156 1644 a
1180 1579 1317 1670 dokouy-

196 1686 466 1774 bc'liapdtodpoulc
491 1687 539 1750 ΙΙ.
565 1681 673 1748 Eudae
697 1685 850 1772 leirdlyto'l
874 1687 1111 1776 cdoosduyoaott
1129 1687 1320 1755 aa-kcrcaztu'

196 1793 336 1882 ledpoluo
352 1793 466 1860 bs'rtolci
480 1791 660 1859 latdroirdl
669 1793 713 1857 ad
727 1791 932 1880 bizooyadpot,
950 1817 971 1858 a
985 1797 1151 1885 conpressi
1165 1797 1321 1886 kdptaloo

555 1903 676 1988 patacio
692 1903 774 1968 alatt
788 1901 826 1968 ia.
848 1903 946 1970 1240.

304 2119 375 2188 Nos
388 2115 573 2205 Capitulum
583 2117 838 2204 Vesprimiensis
849 2118 997 2187 Ecclesie
1014 2117 1235 2206 significamus
1252 2118 1320 2187 vui-

198 2228 305 2297 uersis
320 2246 457 2314 presens
472 2227 627 2312 scriptum
643 2227 850 2313 inspecturis,
867 2227 955 2312 quod
969 2211 1188 2314 receperimus
1205 2226 1318 2296 literas

200 2334 336 2405 Comitis
353 2335 474 2402 Donati
490 2335 532 2402 de
547 2335 682 2402 Bachon
698 2335 757 2403 sub
774 2337 832 2401 tali
847 2333 972 2404 forma:

307 2446 457 2512 Donatus
473 2443 537 2509 Dei
553 2445 665 2530 gracia
681 2443 797 2512 Comes
816 2435 857 2512 de
873 2447 1006 2514 Boehou
1021 2446 1183 2517 uniuersis
1200 2443 1321 2514 Christi

200 2551 363 2639 fidelibus,
380 2553 424 2620 ad
440 2573 522 2638 quos
537 2571 673 2639 presens
687 2553 842 2640 scriptum
850 2555 1047 2640 peruenerit,
1064 2555 1204 2624 salutem
1219 2554 1254 2620 in
1269 2573 1320 2620 sa-

200 2661 277 2728 lutis
294 2667 435 2729 auctore.
460 2662 490 2728 N
494 2662 597 2729 cuerit
612 2667 725 2727 uestra
739 2661 957 2746 uniuersitas,
974 2663 1061 2748 quod
1075 2683 1149 2731 eum
1164 2662 1241 2729 olim
1258 2657 1321 2732 Ab·

202 2770 263 2839 bas
278 2769 470 2855 Mouasterij
488 2768 599 2836 Sancti
615 2765 764 2835 Maurieii
779 2769 820 2835 de
836 2771 896 2836 Bel
912 2771 1047 2856 Capella
1063 2771 1184 2839 Sancte
1195 2770 1320 2855 Crucis,

202 2898 265 2962 que
282 2883 333 2946 est
349 2880 414 2944 sita
430 2875 490 2942 sub
505 2877 614 2943 Monte
624 2877 730 2959 Mane,
747 2884 780 2942 et
795 2877 837 2944 ab
854 2877 964 2946 inclite
979 2880 1221 2948 recordacionis
1232 2880 1322 2962 Rege

203 2986 336 3054 Andrea
359 2993 479 3053 terram
503 2983 537 3050 in
562 2985 697 3052 Boehou
722 2983 763 3052 de
787 2987 942 3072 porcione
967 2987 1073 3074 Regia
1096 3007 1199 3074 prope
1224 2989 1321 3056 situm

203 3093 352 3164 eiusdem
367 3094 513 3180 Capella,
530 3091 572 3160 de
587 3099 682 3179 parte
706 3095 875 3180 orientali,
893 3096 1103 3179 occidentali,
1120 3095 1323 3182 septemtrio·

191 3203 273 3272 ‘nali
289 3211 322 3270 et
337 3201 519 3271 meridiana
534 3203 578 3270 ad
593 3204 741 3290 singulos
758 3203 894 3271 duarum
908 3205 1103 3290 sagittarum
1113 3205 1219 3270 iactus
1230 3201 1324 3268 afiue
1428 3279 1432 3294 ι
1536 3197 1540 3206 ’

206 3307 356 3379 cimiterii
379 3311 482 3397 ipsius
498 3311 712 3396 optinuisset,
739 3311 825 3396 quod
848 3312 953 3380 eciam
976 3311 1020 3378 ad
1044 3309 1201 3378 maiorem
1216 3317 1326 3379 caulo·

205 3417 283 3506 lam,
299 3425 332 3486 et
346 3419 395 3486 rei
410 3419 614 3487 euideneiam
630 3421 810 3506 pleniorem
822 3419 969 3504 prelatus
980 3421 1052 3488 Rex
1067 3420 1187 3488 litteris
1203 3420 1326 3507 duplici

206 3545 265 3593 suo
290 3525 398 3608 sigillo
423 3525 577 3612 sigillatis
605 3525 828 3612 confirmauit,
853 3547 965 3595 verum
990 3547 1064 3595 cum
1080 3529 1230 3597 domiuus
1254 3531 1324 3598 Rex

206 3633 288 3701 Bela
303 3633 556 3714 illustrissimus,
572 3636 628 3720 qui
643 3643 720 3722 post
735 3634 905 3704 decessum
920 3637 1023 3722 ipsius
1040 3645 1172 3705 auctore
1183 3637 1324 3710 Domino

206 3742 354 3827 suscepit
363 3741 469 3824 Regni
483 3741 714 3828 gubemacula‚
732 3743 826 3811 uobis
841 3745 903 3811 cub
919 3746 1030 3814 debito
1045 3745 1213 3818 fidelitatis
1229 3748 1326 3815 fiumi-

205 3837 480 3948 ter'preeipieudo
496 3851 705 3938 mandasset,
731 3857 767 3918 ut
791 3859 910 3920 terram
929 3854 1037 3940 ipsam
1052 3857 1326 3930 iuxtacontiuen-

206 3955 291 4038 ciam
317 3959 493 4026 earundem
518 3959 697 4028 litterarum
723 3955 852 4048 prelata
878 3970 1062 4032 curaremus
1078 3965 1250 4050 assignare
1265 3964 1327 4035 Oa·

204 4063 314 4151 pelle;
339 4085 398 4132 nos
422 4086 500 4133 uero
525 4087 599 4135 eum
624 4069 814 4136 mandatum
837 4069 977 4156 Regium
1001 4071 1142 4140 fideliter
1158 4079 1191 4139 et
1207 4075 1327 4142 deuote

204 4173 323 4258 exequi
347 4175 537 4262 cupientes,
562 4177 662 4263 uisis,
688 4177 809 4246 cuditis
835 4184 869 4245 et
892 4181 989 4265 plene
1015 4175 1190 4248 intellectis
1207 4181 1326 4250 litteris

205 4280 287 4366 ipsis
297 4332 307 4368 ,
333 4301 405 4350 eum
429 4271 608 4352 secuudum
631 4285 809 4354 earundem
825 4291 974 4356 tenorem
990 4289 1191 4375 sepedictam
1207 4295 1327 4358 terram

205 4394 429 4478 prenominato
445 4393 581 4482 Capella
596 4397 767 4482 assignare
783 4399 961 4486 nollemus,
979 4419 1021 4466 ex
1035 4405 1130 4483 parte
1146 4398 1327 4466 meridiana

207 4497 339 4566 minime
355 4501 434 4570 darc
451 4503 615 4589 potuimus
631 4510 762 4592 propter
775 4507 1068 4574 contradiocionem
1080 4524 1254 4588 coquorum
1264 4507 1326 4574 Rc·

205 4609 276 4694 gie,
312 4629 354 4678 eu
378 4618 472 4696 parte
497 4617 574 4680 itero
599 4615 754 4686 orientali
777 4611 1007 4683 nichilominus
1036 4611 1186 4696 impediti
1210 4613 1327 4680 fuimus
