3220 5058
622 297 867 410 121„-

230 501 314 588 Deg,
332 503 387 586 qui
404 523 476 570 enm
491 520 553 570 sna
569 502 770 589 eognaeione
785 507 895 586 preter
911 501 1046 570 iuuenes
1061 506 1095 568 et
1109 501 1263 587 paruulos
1273 507 1350 570 snnt

230 610 467 695 quinquaginta
483 616 517 678 et
532 617 660 696 septem
668 611 871 695 mansiones,
887 617 920 676 et
934 611 990 683 isti
1005 616 1157 678 tenentur
1171 609 1215 678 ad
1229 610 1350 679 similia
1481 675 1484 682 .

230 716 371 786 sernioia
386 735 458 785 enm
469 717 702 804 jobagionibus
718 718 760 784 de
770 717 912 806 Hymud.
929 721 966 786 In
976 719 1089 804 predio
1098 718 1242 787 Temnrd
1252 737 1349 804 eque·

229 825 343 894 strium
358 827 574 894 seruieneium
589 828 651 894 hae
666 835 742 896 sunt
757 826 908 894 nomina:
927 828 1029 894 Latus
1038 877 1047 911 ,
1065 826 1228 912 Thomas,
1246 827 1350 912 Cepa-

229 953 290 1002 nns
301 984 310 1019 ,
335 935 482 1018 llortun,
508 933 663 1020 Hendns,
690 936 745 1018 qni
770 953 841 1002 enm
858 955 920 1002 sna
935 932 1135 1021 cognacione
1152 941 1228 1001 sunt
1242 941 1353 1018 preter

229 1042 384 1128 paruulos
401 1049 433 1108 et
447 1043 583 1110 iuuenes
596 1044 723 1110 XLIllI
738 1044 936 1127 mansiones,
953 1044 1009 1127 qni
1025 1042 1146 1109 habent
1161 1043 1268 1110 simile
1283 1059 1350 1110 ser·

228 1152 347 1220 uioinm
363 1170 435 1217 eum
452 1151 658 1235 equestribus
673 1153 892 1220 seruientibus
917 1149 957 1217 de
975 1147 1108 1238 llymnd.
1133 1150 1216 1216 Item
1229 1149 1274 1215 in
1299 1167 1351 1216 eo

228 1257 303 1326 dem
316 1257 430 1344 predio
446 1264 520 1324 snnt
535 1256 599 1324 dno
609 1277 773 1344 agasones
785 1264 996 1344 campestres,
1008 1259 1092 1324 Vres
1101 1265 1134 1324 et
1144 1256 1269 1343 Lybart
1278 1273 1351 1324 oum

229 1365 315 1432 filiis.
339 1363 420 1430 Item
437 1363 471 1430 in
486 1363 601 1432 eodem
617 1365 731 1450 predio
748 1373 824 1433 sunt
839 1364 955 1432 XXIII
971 1364 1159 1444 mansiones
1181 1366 1351 1448 carpenta·

229 1472 358 1557 riorum,
376 1469 503 1538 seilicet
519 1469 659 1540 Ohomor
674 1479 707 1540 et
720 1474 838 1556 Peter,
860 1472 914 1556 qui
929 1491 1028 1558 pares
1044 1475 1119 1538 sunt
1134 1489 1205 1538 eum
1223 1489 1283 1537 sna
1298 1489 1351 1537 eo·

230 1575 391 1663 gnaeione
414 1585 524 1664 preter
548 1581 704 1664 paruulos
721 1587 755 1646 et
769 1581 905 1650 iuuenes
920 1582 954 1647 in
969 1579 1110 1646 seruieio
1135 1579 1351 1665 carpentariis

115 1689 120 1696 '
231 1687 273 1754 de
282 1684 423 1771 Hymnd.
435 1685 519 1751 Item
534 1684 597 1752 due
612 1687 798 1754 mansiones
813 1694 890 1754 sunt
904 1689 938 1752 in
955 1687 1070 1754 eodem
1086 1688 1210 1772 predio,
1227 1687 1352 1754 seilieet

230 1791 394 1860 Somboch
411 1797 444 1857 et
453 1791 599 1879 Mathey,
612 1793 667 1876 qui
682 1799 830 1860 tenentur
846 1791 979 1862 relioere
995 1791 1143 1890 ealdaria
1154 1793 1352 1860 monasterio

230 1901 346 1970 atalia
362 1900 547 1968 eommunia
563 1901 715 1969 seruicia.
747 1903 785 1968 In
810 1902 923 1989 predio
949 1901 1091 1970 Temnrd
1106 1899 1352 1968 vduornioorum

228 2010 289 2076 hee
305 2014 380 2076 snnt
395 2009 546 2076 nomina:
564 2009 730 2094 Fenerns,
752 2011 884 2096 Albert,
899 2011 1056 2092 Saenius,
1073 2007 1207 2095 llyroeh
1216 2057 1226 2092 ‚
1242 2005 1351 2092 Kyda,

135 2197 139 2202 Ι
229 2116 284 2202 qni
300 2136 373 2184 eum
390 2135 452 2184 sua
467 2117 666 2202 cognacione
676 2125 785 2204 preter
801 2121 959 2206 paruulos
976 2127 1009 2186 et
1024 2119 1159 2184 iuuenes
1178 2123 1254 2184 sunt
1274 2133 1351 2200 qua

229 2224 382 2309 draginta
391 2243 450 2292 sen
460 2225 665 2311 mansiones;
684 2233 717 2292 et
732 2226 787 2292 isti
803 2229 848 2294 ad
858 2226 1041 2294 consimilia
1050 2224 1191 2294 seruioia
1206 2243 1279 2292 enm
1294 2221 1350 2290 vd·

228 2329 371 2399 nornieis
394 2329 436 2397 de
460 2331 601 2418 Hymud.
623 2333 664 2398 Et
680 2333 743 2400 iste
759 2338 826 2400 tres
842 2334 920 2402 ville
935 2341 1010 2402 sunt
1025 2333 1086 2400 sub
1103 2353 1167 2400 vno
1183 2351 1265 2418 gyro
1281 2332 1351 2398 siue

230 2437 351 2506 eireulo
367 2445 536 2506 metarum.
562 2437 655 2508 Vnde
669 2440 776 2526 prima
790 2447 880 2509 meta
897 2447 948 2510 est
963 2443 999 2508 ln
1014 2440 1182 2508 oeeidente
1199 2459 1271 2506 eum
1286 2443 1351 2504 ata·

229 2551 288 2611 lna
302 2544 394 2612 iuxta
408 2545 522 2614 villam
536 2543 666 2632 Maeha,
680 2555 714 2615 et
729 2547 777 2614 sie
792 2568 864 2614 eum
880 2547 1026 2635 pluribus
1041 2547 1138 2616 metis
1154 2545 1245 2614 uadit
1260 2543 1352 2612 iuxta

229 2671 385 2738 magnam
408 2652 513 2737 niam,
539 2653 644 2719 tendit
668 2651 712 2719 ad
735 2655 910 2740 orientem,
928 2661 961 2722 et
975 2649 1023 2722 ibi
1038 2660 1091 2722 est
1105 2652 1185 2720 villa
1201 2651 1353 2720 Grebueh

228 2759 294 2828 sibi
319 2765 563 2844 commetanea3
590 2759 707 2828 deinde
732 2761 870 2829 dimissa
886 2781 1007 2847 magna
1021 2761 1077 2829 via
1091 2758 1185 2828 uadit
1199 2759 1291 2826 iuxta
1306 2760 1354 2827 ni·

227 2885 311 2933 neas
325 2885 440 2934 uersus
456 2867 633 2952 meridiem,
650 2875 683 2936 et
697 2868 742 2935 ibi
758 2870 845 2939 ultra
861 2869 949 2936 uiam
965 2864 1065 2937 habet
1080 2873 1186 2936 metas
1205 2873 1354 2936 enmsta·

106 2997 111 3002 ·
228 2983 298 3060 tna,
317 2979 350 3040 at
364 2973 411 3042 ibi
426 2981 477 3042 est
492 2976 574 3042 villa
589 2976 694 3044 Hales
711 2983 959 3062 commotam,
981 2975 1100 3046 deiude
1116 2993 1188 3042 enm
1204 2975 1352 3062 pluribus

225 3081 326 3148 metis
342 3080 435 3148 vadit
451 3080 495 3148 ad
509 3083 621 3150 villam
638 3081 777 3169 (inrueh,
796 3104 858 3168 que
875 3091 925 3153 est
939 3086 1004 3171 ipsi
1019 3089 1263 3168 commetanea3
1278 3101 1353 3168 pro·
1398 3080 1407 3095 '

225 3188 307 3256 inde
332 3207 405 3256 enm
432 3189 529 3256 metis
551 3189 721 3259 deseendit
737 3190 781 3258 ad
798 3211 952 3260 ooeasnm
968 3191 1012 3258 ad
1026 3191 1139 3258 villam
1154 3187 1265 3273 Rnolr,
1290 3207 1354 3272 que

227 3302 281 3364 est
295 3295 445 3364 similiter
460 3305 711 3384 oommetanea,
742 3299 819 3367 inde
835 3297 1007 3367 deseendit
1021 3315 1093 3362 enm
1108 3295 1204 3362 metis
1220 3294 1264 3362 ad
1277 3313 1354 3380 par·

226 3411 295 3472 tem
314 3406 633 3491 septemtrionalem,
665 3405 785 3474 exinde
817 3407 910 3472 iuxta
941 3403 1092 3471 Maoharn
1122 3399 1228 3468 tendit
1243 3400 1287 3468 ad
1302 3419 1355 3468 oo-

227 3530 356 3596 easum,
381 3519 415 3578 et
438 3511 485 3579 ibi
515 3515 636 3581 transit
667 3519 807 3599 pratum,
837 3519 871 3577 et
903 3511 952 3578 sie
984 3528 1056 3576 eum
1084 3507 1230 3594 pluribus
1258 3507 1353 3576 metis

228 3615 356 3683 direete
371 3617 463 3684 vadit
479 3619 524 3685 ad
539 3618 652 3686 villam
668 3618 836 3702 Gregorii3
861 3613 999 3703 proinde
1015 3615 1056 3683 de
1071 3615 1163 3683 eurio
1178 3612 1259 3712 dieti
1274 3614 1354 3683 Gre-

227 3722 315 3806 gorii
330 3725 434 3792 tendit
450 3724 493 3791 ad
508 3731 636 3809 partem
651 3725 962 3811 septemtrionalem,
973 3724 1094 3792 exinde
1109 3743 1181 3792 oum
1197 3725 1294 3794 metis
1310 3726 1354 3794 ad

227 3847 394 3909 erenum,
410 3839 444 3900 et
458 3832 505 3900 ibi
522 3838 572 3900 est
583 3833 897 3902 commetanearilla
908 3833 1067 3919 (lhiohov5
1083 3831 1289 3920 postmodnm
1305 3833 1353 3900 fa·

227 3939 274 4005 eit
290 3938 412 4004 saltum
427 3939 514 4006 ultra
524 3959 677 4025 magnam
687 3941 784 4023 mam,
802 3947 836 4008 et
851 3961 925 4008 eum
939 3940 1034 4008 melis
1051 3941 1203 4008 aseendit
1211 3939 1255 4006 ad
1263 3959 1352 4008 mon·

222 4043 365 4114 tienlum
381 4045 459 4112 ville
476 4045 639 4126 chronon,
665 4053 698 4115 et
721 4045 762 4114 de
787 4056 896 4116 monte
912 4046 1081 4116 deseendit
1095 4066 1211 4115 versus
1227 4055 1355 4134 partem

223 4151 531 4241 septemtrionalem
547 4155 591 4222 ad
607 4175 760 4240 magnam
776 4156 885 4242 niam;
918 4155 1036 4222 exinde
1060 4154 1152 4222 iuxta
1177 4155 1265 4222 ulam
1280 4173 1356 4222 enm

223 4259 379 4351 pluribus
395 4263 491 4329 metis
506 4261 612 4328 tendit
626 4263 670 4329 ad
686 4262 863 4346 orientem,
880 4267 912 4329 et
927 4263 976 4330 sie
991 4264 1083 4330 iuxta
1098 4260 1279 4348 predictam
1295 4260 1355 4329 vil·

223 4373 295 4440 lam
312 4367 436 4435 llaoha
451 4376 537 4438 mete
554 4367 778 4436 terminantur.
803 4372 907 4438 Terra
923 4379 1032 4456 aulem
1047 4368 1164 4436 harum
1179 4369 1277 4435 trium
1294 4369 1353 4436 vil-

222 4485 334 4550 larum
360 4482 412 4544 est
436 4475 614 4543 seeundum
646 4495 846 4546 communem
872 4475 1170 4544 consideraeionem
1195 4475 1353 4542 bonorum

225 4591 374 4660 virorum
390 4584 435 4651 ad
451 4584 672 4670 qnadraginta
687 4586 741 4652 uel
756 4584 831 4670 plns
848 4589 959 4652 aratra
974 4583 1133 4652 uallatam
1145 4579 1233 4668 (lgy)
1244 4583 1353 4650 multis
