3154 5030
677 238 841 370 331—-

197 461 306 529 alieni.
331 462 430 530 'Pales
446 479 590 544 namque
607 463 683 526 sunt
698 459 835 525 heretici
852 466 885 526 et
901 460 1101 543 scismatici,
1123 460 1179 544 qni
1195 479 1216 525 a
1231 461 1342 530 tanto}

195 575 329 658 pastore
343 569 437 654 pasci
451 575 598 653 renuunt,
615 573 648 633 ct
663 568 732 634 eius
747 567 870 634 vicario
887 586 952 633 non
967 567 1152 655 intendunt,
1170 567 1322 653 perfidio-

196 697 250 744 res
264 677 399 760 Judeis,
424 683 458 744 et
473 676 672 745 crudeliores
691 675 844 761 paganis.
875 677 960 742 Nam
977 676 1077 744 Judei
1093 677 1196 746 semel
1212 675 1321 742 Domi·

196 805 273 851 num
290 785 394 852 crucis
409 786 556 872 patibulo
572 783 746 851 affixerunt
755 832 763 866 ,
789 783 925 850 heretici
940 805 1018 852 vero
1034 785 1068 850 in
1084 783 1238 851 membris
1255 781 1323 849 suis

196 893 315 978 iugiter
339 891 530 980 crucifigunt
554 892 710 968 euntem,
738 893 921 978 opprobriis
947 892 1054 980 ipsum
1071 900 1104 959 et
1120 892 1322 961 contumeliis

196 1003 399 1086 lacerantes;
426 1009 458 1069 et
483 1023 557 1068 cum
582 1001 631 1066 illi
656 1001 810 1085 credant,
837 1002 915 1068 licet
939 1003 1000 1069 sub
1027 1002 1166 1068 cecitate
1182 997 1323 1085 peccati,

196 1110 301 1176 Deum
317 1115 445 1195 patrem
461 1111 571 1176 omnia
585 1109 730 1176 visibilia
746 1117 778 1175 ct
794 1110 973 1178 invisibilia
989 1110 1194 1193 condidisse,
1220 1107 1275 1175 isti
1302 1129 1323 1174 a

196 1217 345 1302 principe
369 1217 579 1286 tenebrarum
600 1219 747 1286 visibilia
763 1218 897 1286 credunt
913 1238 987 1286 esse
1004 1217 1135 1285 condita
1151 1226 1185 1284 et
1201 1223 1324 1286 creata.

197 1325 325 1410 Pagani
341 1345 469 1411 qnoque
484 1325 640 1392 furebant
653 1327 688 1392 in
703 1327 879 1412 puniendis
899 1325 1156 1395 Christianorum
1182 1324 1325 1412 corpori·

197 1431 258 1498 bus
283 1438 316 1497 et
340 1431 543 1517 mactandis3
560 1432 615 1500 isti
634 1431 778 1498 fidebam
795 1435 923 1501 animas
942 1434 1084 1502 latenter
1100 1433 1231 1502 Christo
1248 1432 1323 1500 snb·

198 1538 321 1625 ripinnt
345 1546 379 1606 et
410 1539 577 1620 iurantur,
603 1547 773 1622 utrumqne
796 1539 956 1628 bominem
972 1541 1181 1626 perimentes.
1214 1541 1323 1608 Schis-

199 1646 312 1712 matlci
328 1653 436 1714 autem
453 1649 595 1714 tunicam
612 1646 840 1714 inconsutilem
855 1649 937 1715 lesu
955 1649 1092 1755 Christi,
1119 1668 1182 1730 qne
1208 1647 1323 1716 divisis

199 1751 274 1820 aliis
288 1753 435 1820 vestibus
450 1753 508 1820 uni
524 1755 646 1822 cessit
636 1777 669 1820 ιιι
686 1763 827 1839 sortem,
851 1763 886 1821 ut
901 1747 1005 1842 ipsius
1001 1719 1171 1822 Ecclesia
1185 1754 1325 1840 figurata

199 1881 259 1947 per
275 1862 426 1947 tunicam,
443 1881 540 1946 quam
556 1865 641 1930 sicat
656 1863 878 1930 indumentum
893 1863 1019 1947 induit,
1035 1881 1100 1930 nna
1116 1869 1223 1947 esset,
1241 1860 1324 1929 scin-

199 1969 276 2037 dere
292 1970 474 2038 moliuntnr.
490 1973 541 2038 De
559 1989 692 2054 qnorum
708 1992 840 2038 numero
855 1969 1000 2056 perfidus
1016 1976 1067 2036 est
1081 1971 1252 2055 Arsanus,
1269 1969 1326 2052 qni

199 2080 242 2144 ab
258 2077 408 2146 Ecclesia
423 2079 548 2146 unitate
564 2079 731 2162 recedens,
743 2080 826 2146 etde
837 2079 924 2147 Petri
940 2079 1054 2146 ovibus
1071 2097 1143 2146 esse
1158 2096 1325 2156 recusans,

200 2188 270 2254 eins
286 2189 380 2273 pasci
396 2185 541 2254 doctrine
557 2189 667 2272 verbo,
687 2189 889 2276 operationis
905 2189 1057 2274 exemplo
1074 2195 1108 2256 et
1124 2205 1219 2254 sacre
1237 2205 1324 2254 com·

199 2292 362 2361 munionis
376 2293 500 2380 pabulo
526 2295 739 2380 contradicit,
766 2303 915 2382 receptat
930 2295 963 2362 in
980 2303 1068 2364 terra
1084 2315 1147 2364 sua
1161 2293 1324 2364 hereticos

201 2408 235 2468 et
249 2400 420 2486 defensat,
447 2401 565 2485 quibus
588 2408 659 2470 tota
674 2411 762 2470 terra
778 2404 853 2488 ipsa
869 2403 992 2470 infecta
1008 2402 1124 2468 dicitur
1139 2407 1171 2468 et
1186 2403 1323 2487 repleta.

201 2510 281 2580 eum
296 2510 394 2596 igitur
409 2508 542 2596 dignum
558 2511 610 2596 sit,
621 2519 656 2578 ut
673 2512 806 2596 sangnis
824 2531 933 2578 eorum
949 2512 1061 2578 veniat
1077 2529 1176 2596 super
1192 2531 1249 2577 eos
1266 2511 1324 2578 ini-

201 2618 324 2702 quitate
341 2637 402 2686 sua
417 2620 508 2686 velut
523 2620 694 2686 Amorrbei
710 2621 826 2706 populi
853 2618 1092 2703 consumenda,
1120 2617 1323 2700 mandamus,

202 2735 361 2810 qnatenus
377 2728 499 2812 singuli
514 2735 659 2796 vestrum
676 2729 845 2814 predicent
860 2748 918 2814 per
933 2747 1011 2796 suas
1021 2725 1182 2796 Dioceses
1193 2725 1324 2793 verbum

202 2835 305 2902 crocis
317 2885 325 2914 ,
339 2835 430 2902 illam
446 2835 680 2922 indulgentiam
698 2838 860 2906 universis
878 2835 1137 2920 crucesignatis,
1163 2839 1221 2918 qni·
1232 2835 1323 2902 labo·

200 2963 268 3010 rem
283 2944 381 3010 istum
396 2945 554 3011 subierint
570 2951 604 3011 et
619 2963 801 3032 expensas,
817 2953 931 3014 nostra
947 2945 1166 3014 concedentes
1186 2944 1324 3012 auctori·

201 3055 288 3133 tate,
305 3071 368 3134 qne
383 3052 571 3120 conceditur
586 3055 832 3120 transeuntibus
848 3055 881 3120 iu
897 3053 1081 3122 subsidium
1096 3059 1183 3119 terre
1199 3059 1324 3135 sancte,

202 3177 242 3224 ac
257 3167 460 3245 exponentes
476 3169 597 3230 terram
614 3163 763 3248 eandem,
779 3169 876 3250 prout
891 3167 1047 3228 statutum
1063 3167 1114 3228 est
1133 3162 1166 3226 in
1177 3160 1326 3246 generali

202 3263 358 3352 Concilio,
376 3268 545 3336 catholicis
561 3269 796 3356 occupandam.
813 3267 932 3336 Datum
948 3269 1106 3336 Laterani
1122 3268 1176 3334 VI.
1186 3265 1253 3335 kal.
1265 3266 1323 3332 ue-

201 3371 323 3440 bruarii
338 3371 562 3461 (Pontificatns
578 3375 695 3464 nostri)
713 3397 799 3443 anno
815 3375 875 3442 Xl.

284 3637 347 3711 (lX.
361 3640 491 3715 Gergely
502 3639 579 3714 pdpa
590 3639 777 3714 Regestdibdl
788 3641 914 3698 ‘l'heiner
926 3641 965 3698 id.
979 3659 1014 3697 m.
1031 3641 1052 3696 Ι.
1066 3639 1124 3695 kur.
1138 3637 1200 3697 161.
1210 3639 1243 3712 l.)

785 3851 789 3858 ι

635 3865 880 3878 Ἤ

260 4661 384 4752 tiortttil.
389 4697 486 4751 mid.
494 4699 575 4750 meu.
588 4725 614 4737 -
628 4703 708 4750 bren.
723 4705 743 4748 ι.
