3184 5064
763 199 921 308 —3-04-

278 401 366 464 cturn
379 393 482 462 illium
506 391 700 478 Magistrum
722 391 912 478 lordonum,
933 393 1055 462 Sancte
1079 395 1224 461 Romam
1248 391 1405 460 llcclesie

281 499 619 571 viee-cancellarium
635 506 668 567 et
682 499 865 587 Notarium,
879 500 1003 586 privari
1022 497 1157 566 fecimus
1195 496 1302 565 officio
1325 497 1408 565 scri·

281 611 406 696 ptorie:
430 607 490 678 sed
505 609 584 692 quia
599 626 660 676 nec
683 605 718 676 iti
748 613 936 695 reputamus
962 604 1126 677 sufficiens
1148 604 1191 674 ad
1213 603 1408 690 vindictam,

281 734 354 783 eum
369 713 534 784 uniuersis
549 713 718 784 beneficiis
735 717 988 801 ecclesiasticis,
1004 715 1085 784 locis
1110 733 1150 781 ac
1173 710 1354 810 prebendis
1372 719 1406 778 et

278 822 375 908 jure,
412 821 501 908 quocl
534 822 598 890 sibi
630 843 671 891 ex
705 823 960 908 quibuscumque
993 819 1235 906 receptionibus
1267 817 1412 885 ubilibet

283 929 393 998 iuerat
408 930 616 1015 acquisitum,
634 937 791 1018 perpetuo
806 932 878 1000 sine
887 951 945 1018 spe
968 928 1184 998 restitutionis
1203 927 1412 1014 presentium

282 1039 480 1106 auctoritate
497 1035 675 1124 privamus.
699 1039 790 1105 Nulli
813 1045 873 1106 ete.
900 1044 1010 1106 nostre
1033 1033 1224 1124 privationis
1247 1041 1310 1101 ete.
1343 1035 1415 1099 Da·

280 1151 349 1214 tum
372 1145 513 1214 Viterbii
528 1145 565 1212 V.
588 1143 665 1212 Idus
687 1143 781 1228 Iulii,
805 1144 1019 1212 Pontificatus
1035 1145 1136 1212 nostri
1151 1162 1237 1210 enno
1254 1148 1388 1225 quarto.

364 1335 426 1410 (lv.
440 1335 552 1394 stodor
568 1339 645 1412 pepe
657 1337 852 1416 Regenttibol,
866 1337 992 1396 Tbeincr
1012 1337 1051 1392 id.
1073 1355 1108 1392 m.
1131 1336 1153 1392 1.
1173 1337 1201 1391 k.
1213 1335 1276 1391 237.
1302 1333 1335 1404 l.)
1405 1331 1416 1342 ’

800 2195 877 2262 208.

284 2376 593 2463 Aocekeefeberoriri
607 2373 762 2461 raptatae
778 2377 985 2462 biscopedpa,
1013 2377 1090 2462 bopy
1105 2376 1242 2459 Saeuior,
1263 2375 1410 2440 Marozel
1540 2315 1541 2344 1

274 2483 337 2570 flu,
353 2483 469 2568 Duoup
489 2494 567 2547 neoti
589 2482 726 2547 tilectus
750 2482 857 2546 Faveo
879 2481 1107 2568 pannonicalmi
1128 2483 1272 2566 apcitnuk
1297 2481 1404 2546 becal-

736 2589 822 2654 boa.
848 2590 945 2653 1258.

386 2769 573 2855 Capitulum
589 2768 741 2835 Albensis
758 2767 907 2836 Ecclesie
923 2767 1081 2835 uniuersis
1106 2767 1227 2836 Christi
1253 2765 1408 2833 fidelibus

284 2875 493 2962 presentibus
509 2877 634 2960 puriter
650 2881 683 2940 et
698 2873 815 2942 suturis
832 2874 1037 2958 presencium
1062 2875 1216 2942 noticiam
1241 2873 1407 2940 habituris

286 2983 425 3048 salutem
442 2983 475 3047 in
492 3001 531 3047 eo
541 3032 551 3067 ,
568 2981 622 3065 qui
639 2985 727 3049 sulus
745 2991 795 3047 est
810 2981 960 3048 omnium.
984 2983 1104 3049 Vestra
1129 2981 1256 3049 nouerit
1279 2981 1410 3046 uniuer-

287 3087 390 3173 situs,
408 3089 495 3171 quod
511 3089 704 3156 constitutus
721 3108 831 3154 coram
856 3087 951 3154 nobis
976 3088 1196 3170 personaliter
1219 3085 1410 3152 Alexander

282 3191 367 3260 lilius
384 3197 531 3263 Marcelli
548 3197 588 3262 dc
605 3197 685 3262 villu
701 3197 814 3279 Durug
829 3195 1007 3280 proposuit,
1024 3195 1199 3277 quodcum
1215 3201 1311 3280 pater
1327 3212 1409 3259 suus

282 3301 458 3369 Marcellus
474 3304 648 3370 attendens
665 3303 864 3388 temporibus
882 3323 940 3369 sue
956 3302 1022 3368 vite
1032 3351 1041 3384 ,
1068 3303 1187 3388 etipse
1205 3302 1306 3367 multa
1325 3307 1409 3365 tem·

280 3410 422 3492 porialia
440 3409 610 3477 commoda
627 3417 660 3476 ot
675 3411 761 3476 bona
778 3411 928 3476 Ecclesie
948 3410 1057 3478 Sancti
1082 3409 1213 3476 Martini
1238 3406 1279 3472 de
1305 3408 1409 3473 Sacro

282 3517 392 3582 Monte
408 3517 577 3582 Pannonio
593 3519 815 3603 recepissent,
833 3524 867 3582 ct
882 3518 969 3584 idem
985 3525 1080 3601 pater
1097 3536 1174 3583 suus
1190 3517 1243 3581 die
1260 3525 1409 3581 extremo

168 3671 175 3680 .
283 3620 349 3686 sibi
359 3628 554 3705 properante
571 3624 734 3708 condigna
745 3625 971 3692 vicissitudine
995 3623 1169 3692 refundere
1193 3621 1408 3704 nequiuisset,

241 3767 244 3775 -
283 3724 356 3810 ipse
372 3729 485 3794 volens
502 3730 608 3798 eidem
624 3731 772 3798 Ecclesia
787 3739 881 3816 grato
897 3729 1215 3817 recompcnsacionis
1237 3727 1407 3813 stipendio

282 3833 490 3919 respondere,
506 3857 629 3904 memor
646 3837 789 3904 existens
806 3838 935 3922 accepti
965 3836 1114 3904 beneficii
1124 3885 1133 3920 ,
1157 3841 1268 3920 vtpote
1283 3839 1330 3900 vir
1345 3855 1409 3900 vn-

282 3940 381 4022 diqnc
398 3941 651 4028 circumspectus
668 3950 701 4009 et
717 3945 881 4029 prudens,
905 3944 948 4008 ob
964 3944 1144 4011 remedium
1168 3943 1275 4008 anime
1298 3943 1409 4028 patrie

283 4049 334 4116 sui
358 4053 390 4116 et
406 4050 536 4133 proprie
546 4069 586 4114 ao
601 4069 694 4135 spem
704 4059 817 4119 eterne
833 4050 1056 4136 beatitudinis,
1073 4058 1194 4117 terram
1205 4069 1298 4114 snam
1308 4069 1411 4131 quarn

282 4157 315 4222 in
339 4156 459 4224 eadent
482 4157 563 4223 villa
587 4177 629 4222 ex
657 4157 963 4241 donacioneRegis
989 4157 1068 4224 Belo
1092 4155 1200 4238 quarti
1226 4155 1410 4238 obtinebat,

280 4270 376 4348 prout
390 4283 450 4348 per
472 4254 603 4337 litteras
629 4263 774 4330 eiusdem
797 4263 879 4330 dicti
902 4263 982 4329 Belc
1006 4263 1107 4347 Regis
1132 4260 1227 4328 nobis
1261 4263 1411 4328 constitit

282 4365 459 4457 euidentci,
475 4371 548 4437 usui
564 4371 704 4453 quinque
719 4375 901 4448 aratrorum
924 4367 1136 4436 sufficientem
1155 4387 1226 4435 cum
1250 4369 1358 4436 teneto
1376 4375 1411 4435 et

283 4472 358 4544 aliis
381 4475 574 4544 utilitatibus
592 4477 659 4542 suis
684 4481 716 4542 ct
740 4476 958 4558 pertinenciis,
984 4477 1091 4542 eidem
1115 4474 1264 4569 Ecolesie
1290 4495 1405 4544 coram
