3220 5058
772 293 932 396 ...ΞΒ-.-
1018 325 1021 332 r

292 509 400 556 coram
413 497 460 570 4te
483 489 663 575 producere
688 495 801 574 partes
826 488 1005 572 volueriut,
1031 493 1099 554 usn
1115 503 1213 573 super
1228 486 1412 574 principali,

293 617 389 682 quam
407 587 506 684 super
520 597 751 684 reprobatione
766 595 916 678 testium,
943 595 972 662 si
997 615 1078 679 quos
1094 595 1255 662 alterutra
1270 594 1412 678 partium

264 791 268 798 Ι
292 705 436 789 legitime
454 705 585 772 dorent
600 704 835 790 reprobandos,
852 713 885 771 et
901 703 1025 776 auditis
1040 700 1117 768 hinc
1133 703 1210 769 iude
1225 701 1413 788 propositis,

293 831 428 880 carosam
445 810 642 878 sufficienter
656 811 848 879 instructam
865 811 909 877 ad
924 809 1145 894 Apostolicum
1160 810 1309 876 remittas
1334 827 1412 874 era·

293 940 378 1004 men,
393 919 557 1006 prefigens
568 919 692 986 eisdem
703 921 853 1006 partibus
862 918 1032 988 terminum
1042 915 1283 1004 peremtorium,
1295 915 1414 984 testum

293 1025 446 1093 videlicet
470 1027 565 1094 Beati
590 1026 760 1094 Michaelis
780 1026 928 1112 proxime
944 1033 1135 1108 venturum,
1151 1043 1214 1108 quo
1231 1043 1290 1110 per
1304 1043 1343 1092 se
1359 1025 1414 1092 vel

294 1139 521 1219 procuratores
536 1133 683 1220 ydoneos
699 1153 772 1204 cum
788 1134 995 1228 monimentis
1011 1140 1044 1199 et
1058 1133 1239 1201 rationibus
1250 1133 1319 1200 suis
1329 1151 1413 1199 com-

292 1248 431 1326 pereant
446 1259 552 1314 coram
565 1241 681 1326 nobis,
703 1242 829 1327 justam
844 1247 978 1310 auctore
994 1241 1133 1308 Domino
1149 1241 1349 1309 sententiam
1363 1261 1414 1306 rc-

294 1354 433 1435 cepture.
450 1349 571 1416 Datum
586 1349 723 1418 Viterbii
738 1351 793 1418 Vl.
809 1351 888 1418 Idus
902 1349 1098 1418 Novembris
1115 1345 1342 1436 (Pontificatus
1356 1367 1414 1414 no·

297 1454 372 1542 stri)
390 1477 477 1524 auno
493 1477 589 1524 nono.
657 1441 660 1448 ¹

297 1648 437 1722 (Teutscb
450 1649 482 1708 ds
494 1651 665 1723 Fimbaber,
678 1652 912 1711 Urkuudenbucb
925 1669 978 1708 aur
990 1649 1164 1708 Geschicbte
1177 1617 1416 1722 Siebenbtlrgens,

294 1741 316 1798 1.
329 1741 388 1800 ket
402 1741 447 1797 60.
460 1741 490 1816 l.;
512 1741 544 1798 es
557 1741 607 1802 IX.
621 1739 749 1816 Gergely
761 1742 839 1816 pulpa
850 1741 1046 1816 Regcstaibol,
1065 1741 1192 1798 Theiuer
1204 1740 1243 1796 id.
1256 1757 1292 1795 un
1308 1739 1369 1798 138.
1382 1739 1416 1813 l.)
1515 1719 1518 1724 ¹
1549 1737 1551 1740 ’

723 2021 971 2038 m

860 2263 892 2328 l.

476 2441 535 2506 IX.
552 2441 687 2530 Gerpelp
696 2447 789 2528 μόρα
803 2463 988 2529 upyaaozon
1002 2443 1130 2529 uppem.
1149 2441 1245 2506 1235.

403 2635 579 2724 Gregorius
589 2637 774 2724 Episcopus
790 2643 852 2705 etc.
870 2637 1055 2705 venerabili
1070 2637 1184 2704 tratri.
1202 2687 1210 2704 .
1229 2637 1421 2726 Episcopo

298 2745 533 2830 Cumanorum,
559 2752 592 2812 et
616 2745 746 2814 dilectis
771 2745 848 2812 filiis
864 2793 872 2810 .
891 2793 924 2810 ..
953 2743 994 2813 de
1013 2745 1182 2812 Bethleem
1198 2746 1421 2814 Ultrasilrsue

297 2851 449 2919 Dicoesis
465 2858 498 2918 et
514 2901 522 2918 .
540 2901 547 2918 .
565 2899 573 2918 .
590 2853 987 2940 GenadieusiPrepositis‚
998 2853 1138 2920 salutem
1154 2861 1216 2920 etc.
1233 2856 1271 2920 ln
1288 2873 1421 2940 presen-

297 2961 345 3026 tia
360 2959 558 3026 venerabilis
574 2946 687 3028 tramis
702 2961 806 3028 nostri
821 2960 1023 3028 Preuestrini
1038 2961 1204 3046 Episcopi,
1216 2960 1292 3026 dum
1302 2961 1336 3028 in
1346 2951 1426 3048 par-⁸
1473 2981 1476 2986 ’

297 3066 385 3134 tibus
402 3065 548 3154 Ungarie
563 3067 738 3152 legationis
754 3067 860 3136 officio
879 3069 1087 3153 fungeretur,
1113 3069 1294 3136 venerabili
1317 3069 1421 3136 trabe

297 3183 410 3244 nostro
427 3225 435 3242 .
453 3224 487 3240 ..
514 3175 678 3263 Episcopo
704 3175 930 3245 Ultrusilrano
956 3184 1068 3270 ronna
1093 3179 1235 3244 monem
1251 3178 1420 3245 deDubu·

299 3283 381 3364 oba,
406 3282 588 3354 Gotlridum
613 3284 655 3352 dc
678 3285 775 3369 Aqua
790 3283 899 3351 calida
909 3333 919 3368 ,
936 3285 1108 3354 Nicolaum
1125 3282 1167 3349 de
1182 3284 1419 3370 Ocrmcsbacb,

297 3393 482 3462 Ocnradum
497 3392 538 3462 de
559 3394 711 3480 venetiis,
731 3393 934 3462 Bernardum
951 3394 992 3460 de
1008 3394 1155 3474 Debrau,
1170 3391 1370 3462 Hermannm
1386 3397 1423 3458 et

299 3501 474 3568 Gerlacnm
498 3500 689 3571 sacerdotes
716 3501 757 3572 de
784 3501 920 3570 Sarcam
943 3501 1169 3570 Ultrasilvane
1192 3501 1364 3584 Dicoesis,
1387 3507 1423 3566 ut

299 3604 386 3674 idem
401 3607 583 3694 Episcopus
601 3611 793 3694 asserebat,
810 3610 994 3696 deponente
1009 3627 1108 3694 super
1123 3609 1312 3677 obedientis
1327 3613 1360 3675 et
1374 3627 1425 3675 re·

300 3713 449 3780 verentis
476 3713 700 3798 questionem,
723 3719 766 3783 ad
793 3735 877 3800 quas
901 3716 965 3782 sibi
988 3715 1185 3802 prestaudss
1202 3735 1259 3784 eos
1274 3714 1425 3786 condem·

301 3819 397 3906 pnari
412 3821 546 3904 petebat
561 3820 747 3906 petitorium
762 3822 972 3904 intentando,
991 3831 1025 3889 et
1043 3822 1102 3892 lite
1118 3844 1216 3910 super
1232 3823 1298 3890 biis
1314 3841 1425 3890 coram

301 3947 341 3994 eo
357 3927 502 4013 legitime
518 3933 705 3996 contestata
720 3935 754 3996 et
768 3929 910 4014 receptis
926 3929 1065 3998 testibus
1075 3931 1150 4000 hinc
1160 3930 1237 3998 iude
1246 3929 1426 4018 productis,

299 4033 387 4103 idem
402 4033 548 4118 Legatos
564 4033 740 4120 antequam
755 4036 933 4120 imponeret
944 4032 1044 4122 ¹linem
1059 4037 1209 4122 negotio,
1235 4036 1279 4104 ad
1305 4035 1425 4104 Sedem

299 4141 526 4232 Apostolicam
542 4146 772 4211 estreversus.
794 4141 1061 4212 Procuratoribus
1081 4143 1179 4230 igitur
1193 4143 1336 4230 partium
1352 4139 1426 4230 pro'

298 4257 371 4335 pter
388 4249 450 4317 boc
467 4248 501 4316 in
517 4255 632 4316 nostra
648 4250 814 4335 presentia
825 4249 1019 4336 constitutis,
1030 4249 1169 4318 eundem
1179 4249 1426 4318 Prenestriuum

299 4355 449 4426 dedimus
473 4357 667 4426 auditorem.
692 4359 785 4426 Idem
811 4363 927 4429 cutem
942 4356 1084 4444 partium
1102 4359 1284 4434 rationibus
1300 4357 1428 4425 intelle-

301 4465 362 4534 ctis
378 4471 412 4532 et
426 4465 557 4550 auditis,
574 4484 638 4551 que
654 4469 786 4536 voluere
806 4487 991 4556 proponere
1007 4487 1116 4535 coram
1141 4465 1232 4550 ipsc,
1259 4463 1427 4552 predictos

300 4567 488 4644 sacerdotes
504 4573 609 4642 eidem
625 4573 788 4664 Episcopo
804 4577 839 4644 in
853 4575 1009 4662 predictis
1033 4595 1092 4662 por
1115 4571 1322 4650 diffinitivam
1345 4589 1420 4650 sear
