<?xml version="1.0" encoding="UTF-8"?>
<!DOCTYPE html PUBLIC "-//W3C//DTD XHTML 1.0 Transitional//EN"
    "http://www.w3.org/TR/xhtml1/DTD/xhtml1-transitional.dtd">
<html xmlns="http://www.w3.org/1999/xhtml" xml:lang="en" lang="en">
 <head>
  <title>
</title>
<meta http-equiv="Content-Type" content="text/html;charset=utf-8" />
  <meta name='ocr-system' content='tesseract 3.04.00' />
  <meta name='ocr-capabilities' content='ocr_page ocr_carea ocr_par ocr_line ocrx_word'/>
</head>
<body>
  <div class='ocr_page' id='page_1' title='image "./codexdiplomatic11wenzgoog_0228.png"; bbox 0 0 3154 5038; ppageno 0'>
   <div class='ocr_carea' id='block_1_1' title="bbox 186 897 1374 1102">
    <p class='ocr_par' dir='ltr' id='par_1_1' title="bbox 186 897 1374 1102">
     <span class='ocr_line' id='line_1_1' title="bbox 186 897 1374 998; baseline 0.003 -32"><span class='ocrx_word' id='word_1_1' title='bbox 186 897 235 966; x_wconf 64' lang='lat' dir='ltr'>Aa</span> <span class='ocrx_word' id='word_1_2' title='bbox 249 901 430 988; x_wconf 71' lang='lat' dir='ltr'>mztcrpama‘</span> <span class='ocrx_word' id='word_1_3' title='bbox 453 901 611 989; x_wconf 70' lang='lat' dir='ltr'>reptatas</span> <span class='ocrx_word' id='word_1_4' title='bbox 626 926 647 968; x_wconf 83' lang='lat' dir='ltr'>a</span> <span class='ocrx_word' id='word_1_5' title='bbox 663 902 804 970; x_wconf 67' lang='lat' dir='ltr'>saeuos</span> <span class='ocrx_word' id='word_1_6' title='bbox 827 907 996 990; x_wconf 74' lang='lat' dir='ltr'>ncmzetsdp</span> <span class='ocrx_word' id='word_1_7' title='bbox 1020 906 1125 992; x_wconf 60' lang='lat' dir='ltr'>tagini</span> <span class='ocrx_word' id='word_1_8' title='bbox 1150 905 1235 972; x_wconf 71' lang='lat' dir='ltr'>letati</span> <span class='ocrx_word' id='word_1_9' title='bbox 1249 905 1311 970; x_wconf 81' lang='lat' dir='ltr'>dir·</span> <span class='ocrx_word' id='word_1_10' title='bbox 1367 983 1374 998; x_wconf 32' lang='lat'><strong><em>⁹</em></strong></span> 
     </span>
     <span class='ocr_line' id='line_1_2' title="bbox 418 1009 1112 1102; baseline 0.007 -30"><span class='ocrx_word' id='word_1_11' title='bbox 418 1009 662 1076; x_wconf 73' lang='lat' dir='ltr'>rokreodeztsrtt</span> <span class='ocrx_word' id='word_1_12' title='bbox 677 1020 738 1078; x_wconf 81' lang='lat' dir='ltr'>tcez</span> <span class='ocrx_word' id='word_1_13' title='bbox 753 1011 961 1102; x_wconf 76' lang='lat' dir='ltr'>bizoaysdpot.</span> <span class='ocrx_word' id='word_1_14' title='bbox 979 1013 1078 1078; x_wconf 80' lang='lat'><strong><em>1247.</em></strong></span> <span class='ocrx_word' id='word_1_15' title='bbox 1110 1079 1112 1084; x_wconf 71' lang='grc'>,</span> 
     </span>
    </p>
   </div>
   <div class='ocr_carea' id='block_1_2' title="bbox 554 1108 934 1240">
    <p class='ocr_par' dir='ltr' id='par_1_2' title="bbox 554 1108 934 1240">
     <span class='ocr_line' id='line_1_3' title="bbox 554 1108 934 1240; baseline 0 -36"><span class='ocrx_word' id='word_1_16' title='bbox 554 1138 593 1204; x_wconf 81' lang='lat' dir='ltr'>n.</span> <span class='ocrx_word' id='word_1_17' title='bbox 640 1108 690 1204; x_wconf 64' lang='lat' dir='ltr'>ns</span> <span class='ocrx_word' id='word_1_18' title='bbox 725 1139 760 1206; x_wconf 91' lang='lat' dir='ltr'>c.</span> <span class='ocrx_word' id='word_1_19' title='bbox 809 1139 848 1204; x_wconf 88' lang='lat' dir='ltr'>n.</span> <span class='ocrx_word' id='word_1_20' title='bbox 877 1139 934 1240; x_wconf 80' lang='lat' dir='ltr'>a.</span> 
     </span>
    </p>
   </div>
   <div class='ocr_carea' id='block_1_3' title="bbox 187 1313 1378 3861">
    <p class='ocr_par' dir='ltr' id='par_1_3' title="bbox 187 1313 1378 3861">
     <span class='ocr_line' id='line_1_4' title="bbox 296 1313 1311 1404; baseline 0.004 -24"><span class='ocrx_word' id='word_1_21' title='bbox 296 1313 467 1400; x_wconf 84' lang='lat' dir='ltr'>Philippus</span> <span class='ocrx_word' id='word_1_22' title='bbox 492 1315 680 1402; x_wconf 75' lang='lat' dir='ltr'><strong>Propositus</strong></span> <span class='ocrx_word' id='word_1_23' title='bbox 697 1325 729 1382; x_wconf 92' lang='lat' dir='ltr'>et</span> <span class='ocrx_word' id='word_1_24' title='bbox 745 1317 932 1404; x_wconf 78' lang='lat' dir='ltr'>Capitulum</span> <span class='ocrx_word' id='word_1_25' title='bbox 948 1317 1184 1402; x_wconf 77' lang='lat' dir='ltr'>strigoniensis</span> <span class='ocrx_word' id='word_1_26' title='bbox 1201 1317 1311 1384; x_wconf 79' lang='lat' dir='ltr'>necle·</span> 
     </span>
     <span class='ocr_line' id='line_1_5' title="bbox 190 1421 1309 1510; baseline 0.003 -23"><span class='ocrx_word' id='word_1_27' title='bbox 190 1421 239 1488; x_wconf 91' lang='lat' dir='ltr'>sie</span> <span class='ocrx_word' id='word_1_28' title='bbox 260 1421 410 1487; x_wconf 91' lang='lat' dir='ltr'>omnibus</span> <span class='ocrx_word' id='word_1_29' title='bbox 426 1429 597 1506; x_wconf 83' lang='lat' dir='ltr'>presentes</span> <span class='ocrx_word' id='word_1_30' title='bbox 612 1422 726 1490; x_wconf 84' lang='lat' dir='ltr'>literas</span> <span class='ocrx_word' id='word_1_31' title='bbox 737 1424 935 1510; x_wconf 89' lang='lat' dir='ltr'>inspecturis</span> <span class='ocrx_word' id='word_1_32' title='bbox 952 1425 1090 1492; x_wconf 89' lang='lat' dir='ltr'>salutem</span> <span class='ocrx_word' id='word_1_33' title='bbox 1106 1425 1139 1491; x_wconf 91' lang='lat' dir='ltr'>in</span> <span class='ocrx_word' id='word_1_34' title='bbox 1155 1423 1309 1493; x_wconf 92' lang='lat' dir='ltr'>Domino.</span> 
     </span>
     <span class='ocr_line' id='line_1_6' title="bbox 188 1527 1309 1618; baseline 0.003 -25"><span class='ocrx_word' id='word_1_35' title='bbox 188 1527 241 1593; x_wconf 81' lang='lat' dir='ltr'>dd</span> <span class='ocrx_word' id='word_1_36' title='bbox 256 1527 478 1596; x_wconf 84' lang='lat' dir='ltr'>universorum</span> <span class='ocrx_word' id='word_1_37' title='bbox 504 1531 659 1596; x_wconf 80' lang='lat' dir='ltr'>noticiam</span> <span class='ocrx_word' id='word_1_38' title='bbox 685 1533 833 1597; x_wconf 88' lang='lat' dir='ltr'>volumus</span> <span class='ocrx_word' id='word_1_39' title='bbox 850 1533 1032 1618; x_wconf 89' lang='lat' dir='ltr'>pervenire,</span> <span class='ocrx_word' id='word_1_40' title='bbox 1050 1531 1135 1615; x_wconf 92' lang='lat' dir='ltr'>quod</span> <span class='ocrx_word' id='word_1_41' title='bbox 1152 1535 1309 1616; x_wconf 84' lang='lat' dir='ltr'>magister</span> 
     </span>
     <span class='ocr_line' id='line_1_7' title="bbox 187 1631 1309 1724; baseline 0.004 -22"><span class='ocrx_word' id='word_1_42' title='bbox 187 1636 303 1702; x_wconf 87' lang='lat' dir='ltr'>Petrus</span> <span class='ocrx_word' id='word_1_43' title='bbox 318 1633 403 1702; x_wconf 88' lang='lat' dir='ltr'>tilius</span> <span class='ocrx_word' id='word_1_44' title='bbox 433 1631 530 1722; x_wconf 81' lang='lat' dir='ltr'>linga</span> <span class='ocrx_word' id='word_1_45' title='bbox 546 1635 587 1703; x_wconf 88' lang='lat' dir='ltr'>de</span> <span class='ocrx_word' id='word_1_46' title='bbox 611 1655 731 1722; x_wconf 83' lang='lat' dir='ltr'>genere</span> <span class='ocrx_word' id='word_1_47' title='bbox 755 1639 911 1704; x_wconf 87' lang='lat' dir='ltr'>Scemura</span> <span class='ocrx_word' id='word_1_48' title='bbox 936 1659 994 1724; x_wconf 88' lang='lat' dir='ltr'>pro</span> <span class='ocrx_word' id='word_1_49' title='bbox 1012 1658 1048 1704; x_wconf 88' lang='lat' dir='ltr'>se</span> <span class='ocrx_word' id='word_1_50' title='bbox 1074 1647 1107 1705; x_wconf 89' lang='lat' dir='ltr'>ct</span> <span class='ocrx_word' id='word_1_51' title='bbox 1123 1639 1223 1706; x_wconf 87' lang='lat' dir='ltr'>fratre</span> <span class='ocrx_word' id='word_1_52' title='bbox 1249 1658 1309 1706; x_wconf 93' lang='lat' dir='ltr'>suo</span> 
     </span>
     <span class='ocr_line' id='line_1_8' title="bbox 188 1742 1312 1831; baseline 0.002 -23"><span class='ocrx_word' id='word_1_53' title='bbox 188 1742 338 1827; x_wconf 88' lang='lat' dir='ltr'>Martino,</span> <span class='ocrx_word' id='word_1_54' title='bbox 355 1749 388 1807; x_wconf 92' lang='lat' dir='ltr'>et</span> <span class='ocrx_word' id='word_1_55' title='bbox 404 1762 462 1827; x_wconf 92' lang='lat' dir='ltr'>pro</span> <span class='ocrx_word' id='word_1_56' title='bbox 494 1744 583 1810; x_wconf 91' lang='lat' dir='ltr'>Sena</span> <span class='ocrx_word' id='word_1_57' title='bbox 607 1743 675 1809; x_wconf 87' lang='lat' dir='ltr'>filio</span> <span class='ocrx_word' id='word_1_58' title='bbox 708 1743 841 1829; x_wconf 67' lang='lat' dir='ltr'>&#39;rhome</span> <span class='ocrx_word' id='word_1_59' title='bbox 858 1765 898 1812; x_wconf 90' lang='lat' dir='ltr'>ac</span> <span class='ocrx_word' id='word_1_60' title='bbox 915 1745 1047 1813; x_wconf 85' lang='lat' dir='ltr'>Iuanca</span> <span class='ocrx_word' id='word_1_61' title='bbox 1075 1745 1142 1812; x_wconf 89' lang='lat' dir='ltr'>filio</span> <span class='ocrx_word' id='word_1_62' title='bbox 1158 1747 1312 1831; x_wconf 78' lang='lat' dir='ltr'>qunee5</span> 
     </span>
     <span class='ocr_line' id='line_1_9' title="bbox 187 1849 1313 1939; baseline 0.004 -24"><span class='ocrx_word' id='word_1_63' title='bbox 187 1849 266 1917; x_wconf 88' lang='lat' dir='ltr'>item</span> <span class='ocrx_word' id='word_1_64' title='bbox 283 1850 427 1918; x_wconf 79' lang='lat' dir='ltr'>Thomas</span> <span class='ocrx_word' id='word_1_65' title='bbox 457 1849 542 1917; x_wconf 88' lang='lat' dir='ltr'>filins</span> <span class='ocrx_word' id='word_1_66' title='bbox 558 1853 746 1937; x_wconf 88' lang='lat' dir='ltr'>Innocenoij</span> <span class='ocrx_word' id='word_1_67' title='bbox 779 1873 837 1939; x_wconf 89' lang='lat' dir='ltr'>pro</span> <span class='ocrx_word' id='word_1_68' title='bbox 854 1873 890 1920; x_wconf 92' lang='lat' dir='ltr'>se</span> <span class='ocrx_word' id='word_1_69' title='bbox 907 1859 940 1918; x_wconf 90' lang='lat' dir='ltr'>et</span> <span class='ocrx_word' id='word_1_70' title='bbox 956 1854 1095 1920; x_wconf 85' lang='lat' dir='ltr'>Nicolao</span> <span class='ocrx_word' id='word_1_71' title='bbox 1110 1851 1176 1918; x_wconf 90' lang='lat' dir='ltr'>filio</span> <span class='ocrx_word' id='word_1_72' title='bbox 1192 1852 1313 1919; x_wconf 83' lang='lat' dir='ltr'>dohan-</span> 
     </span>
     <span class='ocr_line' id='line_1_10' title="bbox 189 1956 1312 2046; baseline 0.003 -23"><span class='ocrx_word' id='word_1_73' title='bbox 189 1957 251 2044; x_wconf 87' lang='lat' dir='ltr'>nis;</span> <span class='ocrx_word' id='word_1_74' title='bbox 269 1956 381 2025; x_wconf 86' lang='lat' dir='ltr'>Godus</span> <span class='ocrx_word' id='word_1_75' title='bbox 396 1957 482 2025; x_wconf 89' lang='lat' dir='ltr'>filius</span> <span class='ocrx_word' id='word_1_76' title='bbox 499 1959 607 2044; x_wconf 87' lang='lat' dir='ltr'>Sena;</span> <span class='ocrx_word' id='word_1_77' title='bbox 632 1961 709 2026; x_wconf 93' lang='lat' dir='ltr'>item</span> <span class='ocrx_word' id='word_1_78' title='bbox 735 1960 924 2028; x_wconf 82' lang='lat' dir='ltr'>Alexander</span> <span class='ocrx_word' id='word_1_79' title='bbox 941 1965 973 2025; x_wconf 92' lang='lat' dir='ltr'>et</span> <span class='ocrx_word' id='word_1_80' title='bbox 990 1959 1184 2026; x_wconf 85' lang='lat' dir='ltr'>Leustacins</span> <span class='ocrx_word' id='word_1_81' title='bbox 1199 1979 1258 2046; x_wconf 90' lang='lat' dir='ltr'>pro</span> <span class='ocrx_word' id='word_1_82' title='bbox 1275 1979 1312 2026; x_wconf 90' lang='lat' dir='ltr'>se</span> 
     </span>
     <span class='ocr_line' id='line_1_11' title="bbox 190 2053 1313 2152; baseline 0.002 -20"><span class='ocrx_word' id='word_1_83' title='bbox 190 2085 230 2132; x_wconf 87' lang='lat' dir='ltr'>ac</span> <span class='ocrx_word' id='word_1_84' title='bbox 249 2085 308 2152; x_wconf 89' lang='lat' dir='ltr'>pro</span> <span class='ocrx_word' id='word_1_85' title='bbox 319 2066 422 2133; x_wconf 86' lang='lat' dir='ltr'>Paulo</span> <span class='ocrx_word' id='word_1_86' title='bbox 438 2065 504 2132; x_wconf 89' lang='lat' dir='ltr'>filio</span> <span class='ocrx_word' id='word_1_87' title='bbox 515 2065 649 2151; x_wconf 81' lang='lat' dir='ltr'>Thome,</span> <span class='ocrx_word' id='word_1_88' title='bbox 666 2074 701 2134; x_wconf 93' lang='lat' dir='ltr'>ut</span> <span class='ocrx_word' id='word_1_89' title='bbox 717 2053 881 2146; x_wconf 82' lang='lat' dir='ltr'>dicebant,</span> <span class='ocrx_word' id='word_1_90' title='bbox 898 2066 941 2134; x_wconf 89' lang='lat' dir='ltr'>ad</span> <span class='ocrx_word' id='word_1_91' title='bbox 950 2076 1096 2134; x_wconf 89' lang='lat' dir='ltr'>nostram</span> <span class='ocrx_word' id='word_1_92' title='bbox 1112 2069 1313 2152; x_wconf 87' lang='lat' dir='ltr'>presentiam</span> 
     </span>
     <span class='ocr_line' id='line_1_12' title="bbox 193 2173 1311 2258; baseline -0.002 -16"><span class='ocrx_word' id='word_1_93' title='bbox 193 2181 406 2242; x_wconf 87' lang='lat' dir='ltr'>accesserunt</span> <span class='ocrx_word' id='word_1_94' title='bbox 415 2223 424 2257; x_wconf 92' lang='lat'><em>‚</em></span> <span class='ocrx_word' id='word_1_95' title='bbox 448 2179 481 2240; x_wconf 92' lang='lat' dir='ltr'>et</span> <span class='ocrx_word' id='word_1_96' title='bbox 497 2173 662 2258; x_wconf 87' lang='lat' dir='ltr'>quandam</span> <span class='ocrx_word' id='word_1_97' title='bbox 690 2181 808 2242; x_wconf 87' lang='lat' dir='ltr'>terram</span> <span class='ocrx_word' id='word_1_98' title='bbox 826 2175 956 2240; x_wconf 90' lang='lat' dir='ltr'>nomine</span> <span class='ocrx_word' id='word_1_99' title='bbox 967 2175 1087 2258; x_wconf 84' lang='lat' dir='ltr'>Stugur</span> <span class='ocrx_word' id='word_1_100' title='bbox 1103 2174 1136 2239; x_wconf 94' lang='lat' dir='ltr'>in</span> <span class='ocrx_word' id='word_1_101' title='bbox 1148 2173 1311 2240; x_wconf 72' lang='lat' dir='ltr'>comitatu</span> 
     </span>
     <span class='ocr_line' id='line_1_13' title="bbox 191 2281 1310 2368; baseline 0 -20"><span class='ocrx_word' id='word_1_102' title='bbox 191 2281 432 2366; x_wconf 83' lang='lat' dir='ltr'>Neugradiensi</span> <span class='ocrx_word' id='word_1_103' title='bbox 449 2283 651 2366; x_wconf 79' lang='lat' dir='ltr'>existentem,</span> <span class='ocrx_word' id='word_1_104' title='bbox 669 2283 915 2368; x_wconf 82' lang='lat' dir='ltr'>quamallegia</span> <span class='ocrx_word' id='word_1_105' title='bbox 929 2281 1145 2349; x_wconf 84' lang='lat' dir='ltr'>Maiestateiu</span> <span class='ocrx_word' id='word_1_106' title='bbox 1163 2300 1310 2348; x_wconf 88' lang='lat' dir='ltr'>concam-</span> 
     </span>
     <span class='ocr_line' id='line_1_14' title="bbox 191 2377 1378 2475; baseline 0 -19"><span class='ocrx_word' id='word_1_107' title='bbox 191 2389 279 2456; x_wconf 89' lang='lat' dir='ltr'>bium</span> <span class='ocrx_word' id='word_1_108' title='bbox 296 2396 381 2455; x_wconf 88' lang='lat' dir='ltr'>terre</span> <span class='ocrx_word' id='word_1_109' title='bbox 398 2389 575 2473; x_wconf 90' lang='lat' dir='ltr'>Luchund,</span> <span class='ocrx_word' id='word_1_110' title='bbox 602 2409 665 2474; x_wconf 92' lang='lat' dir='ltr'>que</span> <span class='ocrx_word' id='word_1_111' title='bbox 681 2391 747 2458; x_wconf 92' lang='lat' dir='ltr'>alio</span> <span class='ocrx_word' id='word_1_112' title='bbox 765 2391 896 2456; x_wconf 90' lang='lat' dir='ltr'>nomine</span> <span class='ocrx_word' id='word_1_113' title='bbox 912 2388 1057 2475; x_wconf 80' lang='lat' dir='ltr'>Tamasy</span> <span class='ocrx_word' id='word_1_114' title='bbox 1073 2395 1209 2456; x_wconf 87' lang='lat' dir='ltr'>uocatur</span> <span class='ocrx_word' id='word_1_115' title='bbox 1226 2390 1308 2456; x_wconf 86' lang='lat' dir='ltr'>obti-</span> <span class='ocrx_word' id='word_1_116' title='bbox 1374 2377 1378 2384; x_wconf 49' lang='lat'><strong>¹</strong></span> 
     </span>
     <span class='ocr_line' id='line_1_15' title="bbox 189 2495 1307 2584; baseline 0.001 -22"><span class='ocrx_word' id='word_1_117' title='bbox 189 2503 345 2582; x_wconf 86' lang='lat' dir='ltr'>nuerunt,</span> <span class='ocrx_word' id='word_1_118' title='bbox 369 2495 626 2577; x_wconf 85' lang='lat' dir='ltr'>confessisunt,</span> <span class='ocrx_word' id='word_1_119' title='bbox 651 2518 687 2565; x_wconf 90' lang='lat' dir='ltr'>se</span> <span class='ocrx_word' id='word_1_120' title='bbox 704 2498 892 2565; x_wconf 90' lang='lat' dir='ltr'>vendidisse</span> <span class='ocrx_word' id='word_1_121' title='bbox 917 2497 1055 2584; x_wconf 83' lang='lat' dir='ltr'>prefatis</span> <span class='ocrx_word' id='word_1_122' title='bbox 1068 2498 1257 2566; x_wconf 88' lang='lat' dir='ltr'>Alexandro</span> <span class='ocrx_word' id='word_1_123' title='bbox 1275 2505 1307 2564; x_wconf 91' lang='lat' dir='ltr'>et</span> 
     </span>
     <span class='ocr_line' id='line_1_16' title="bbox 192 2603 1312 2692; baseline 0 -22"><span class='ocrx_word' id='word_1_124' title='bbox 192 2604 369 2671; x_wconf 82' lang='lat' dir='ltr'>Laustaoio</span> <span class='ocrx_word' id='word_1_125' title='bbox 386 2624 444 2692; x_wconf 93' lang='lat' dir='ltr'>pro</span> <span class='ocrx_word' id='word_1_126' title='bbox 459 2607 594 2691; x_wconf 81' lang='lat' dir='ltr'>triginta</span> <span class='ocrx_word' id='word_1_127' title='bbox 618 2604 738 2672; x_wconf 90' lang='lat' dir='ltr'>marcis</span> <span class='ocrx_word' id='word_1_128' title='bbox 755 2613 787 2672; x_wconf 91' lang='lat' dir='ltr'>et</span> <span class='ocrx_word' id='word_1_129' title='bbox 799 2624 866 2672; x_wconf 80' lang='lat' dir='ltr'>,vna</span> <span class='ocrx_word' id='word_1_130' title='bbox 884 2605 947 2670; x_wconf 93' lang='lat' dir='ltr'>sibi</span> <span class='ocrx_word' id='word_1_131' title='bbox 963 2603 1111 2690; x_wconf 90' lang='lat' dir='ltr'>plenarie</span> <span class='ocrx_word' id='word_1_132' title='bbox 1135 2605 1312 2690; x_wconf 87' lang='lat' dir='ltr'>persolutis</span> 
     </span>
     <span class='ocr_line' id='line_1_17' title="bbox 196 2711 1315 2799; baseline 0.001 -21"><span class='ocrx_word' id='word_1_133' title='bbox 196 2713 265 2778; x_wconf 88' lang='lat' dir='ltr'>iuro</span> <span class='ocrx_word' id='word_1_134' title='bbox 283 2721 439 2796; x_wconf 83' lang='lat' dir='ltr'>perpetuo</span> <span class='ocrx_word' id='word_1_135' title='bbox 466 2711 718 2799; x_wconf 88' lang='lat' dir='ltr'>possidendam,</span> <span class='ocrx_word' id='word_1_136' title='bbox 744 2719 883 2799; x_wconf 87' lang='lat' dir='ltr'>excepta</span> <span class='ocrx_word' id='word_1_137' title='bbox 899 2713 1054 2796; x_wconf 88' lang='lat' dir='ltr'>porcione</span> <span class='ocrx_word' id='word_1_138' title='bbox 1070 2711 1236 2791; x_wconf 87' lang='lat' dir='ltr'>Paznani,</span> <span class='ocrx_word' id='word_1_139' title='bbox 1261 2713 1315 2796; x_wconf 89' lang='lat' dir='ltr'>qui</span> 
     </span>
     <span class='ocr_line' id='line_1_18' title="bbox 191 2817 1310 2904; baseline 0.004 -22"><span class='ocrx_word' id='word_1_140' title='bbox 191 2817 401 2885; x_wconf 86' lang='lat' dir='ltr'>medietatem</span> <span class='ocrx_word' id='word_1_141' title='bbox 418 2819 531 2901; x_wconf 89' lang='lat' dir='ltr'>quinte</span> <span class='ocrx_word' id='word_1_142' title='bbox 546 2820 649 2904; x_wconf 87' lang='lat' dir='ltr'>partis</span> <span class='ocrx_word' id='word_1_143' title='bbox 666 2836 707 2884; x_wconf 90' lang='lat' dir='ltr'>ex</span> <span class='ocrx_word' id='word_1_144' title='bbox 723 2819 838 2885; x_wconf 90' lang='lat' dir='ltr'>eadem</span> <span class='ocrx_word' id='word_1_145' title='bbox 855 2819 1049 2886; x_wconf 89' lang='lat' dir='ltr'>terradcbet</span> <span class='ocrx_word' id='word_1_146' title='bbox 1064 2819 1196 2898; x_wconf 87' lang='lat' dir='ltr'>habere,</span> <span class='ocrx_word' id='word_1_147' title='bbox 1214 2827 1310 2904; x_wconf 91' lang='lat' dir='ltr'>prout</span> 
     </span>
     <span class='ocr_line' id='line_1_19' title="bbox 193 2923 1314 3011; baseline 0.003 -20"><span class='ocrx_word' id='word_1_148' title='bbox 193 2923 314 2992; x_wconf 88' lang='lat' dir='ltr'>eisdem</span> <span class='ocrx_word' id='word_1_149' title='bbox 323 2925 493 3009; x_wconf 88' lang='lat' dir='ltr'>prentibus</span> <span class='ocrx_word' id='word_1_150' title='bbox 504 2925 724 3009; x_wconf 82' lang='lat' dir='ltr'>cognocimus.</span> <span class='ocrx_word' id='word_1_151' title='bbox 736 2927 817 2992; x_wconf 89' lang='lat' dir='ltr'>Item</span> <span class='ocrx_word' id='word_1_152' title='bbox 828 2925 986 3011; x_wconf 85' lang='lat' dir='ltr'>magister</span> <span class='ocrx_word' id='word_1_153' title='bbox 996 2928 1111 2994; x_wconf 89' lang='lat' dir='ltr'>Petms</span> <span class='ocrx_word' id='word_1_154' title='bbox 1121 2925 1207 2993; x_wconf 90' lang='lat' dir='ltr'>filius</span> <span class='ocrx_word' id='word_1_155' title='bbox 1218 2927 1314 3010; x_wconf 79' lang='lat' dir='ltr'>Vnga</span> 
     </span>
     <span class='ocr_line' id='line_1_20' title="bbox 191 3032 1316 3128; baseline 0 -30"><span class='ocrx_word' id='word_1_156' title='bbox 191 3032 351 3117; x_wconf 83' lang='lat' dir='ltr'>obligauit</span> <span class='ocrx_word' id='word_1_157' title='bbox 365 3053 402 3100; x_wconf 91' lang='lat' dir='ltr'>se</span> <span class='ocrx_word' id='word_1_158' title='bbox 416 3032 460 3101; x_wconf 89' lang='lat' dir='ltr'>ad</span> <span class='ocrx_word' id='word_1_159' title='bbox 475 3033 536 3100; x_wconf 89' lang='lat' dir='ltr'>hoo</span> <span class='ocrx_word' id='word_1_160' title='bbox 546 3053 652 3100; x_wconf 88' lang='lat' dir='ltr'>coram</span> <span class='ocrx_word' id='word_1_161' title='bbox 668 3034 774 3120; x_wconf 80' lang='lat' dir='ltr'>nobis,</span> <span class='ocrx_word' id='word_1_162' title='bbox 790 3033 878 3118; x_wconf 87' lang='lat' dir='ltr'>quod</span> <span class='ocrx_word' id='word_1_163' title='bbox 895 3037 1153 3128; x_wconf 89' lang='lat' dir='ltr'>quandocunque</span> <span class='ocrx_word' id='word_1_164' title='bbox 1169 3032 1316 3114; x_wconf 90' lang='lat' dir='ltr'>eosdem,</span> 
     </span>
     <span class='ocr_line' id='line_1_21' title="bbox 200 3141 1317 3230; baseline 0.002 -22"><span class='ocrx_word' id='word_1_165' title='bbox 200 3141 462 3211; x_wconf 81' lang='lat' dir='ltr'>Alexandmmet</span> <span class='ocrx_word' id='word_1_166' title='bbox 472 3143 679 3210; x_wconf 90' lang='lat' dir='ltr'>Lenstacium</span> <span class='ocrx_word' id='word_1_167' title='bbox 690 3161 789 3230; x_wconf 88' lang='lat' dir='ltr'>super</span> <span class='ocrx_word' id='word_1_168' title='bbox 798 3142 1006 3226; x_wconf 88' lang='lat' dir='ltr'>porcionibus</span> <span class='ocrx_word' id='word_1_169' title='bbox 1017 3144 1105 3211; x_wconf 90' lang='lat' dir='ltr'>Sena</span> <span class='ocrx_word' id='word_1_170' title='bbox 1115 3141 1173 3227; x_wconf 89' lang='lat' dir='ltr'>filij</span> <span class='ocrx_word' id='word_1_171' title='bbox 1183 3141 1317 3224; x_wconf 78' lang='lat' dir='ltr'>Thomu,</span> 
     </span>
     <span class='ocr_line' id='line_1_22' title="bbox 197 3249 1318 3336; baseline 0 -22"><span class='ocrx_word' id='word_1_172' title='bbox 197 3257 230 3314; x_wconf 91' lang='lat' dir='ltr'>et</span> <span class='ocrx_word' id='word_1_173' title='bbox 245 3251 374 3316; x_wconf 84' lang='lat' dir='ltr'>Iwauoe</span> <span class='ocrx_word' id='word_1_174' title='bbox 398 3249 458 3336; x_wconf 86' lang='lat' dir='ltr'>filij</span> <span class='ocrx_word' id='word_1_175' title='bbox 486 3249 635 3334; x_wconf 77' lang='lat' dir='ltr'>inance,</span> <span class='ocrx_word' id='word_1_176' title='bbox 660 3251 842 3334; x_wconf 88' lang='lat' dir='ltr'>inquietare</span> <span class='ocrx_word' id='word_1_177' title='bbox 872 3250 1136 3336; x_wconf 81' lang='lat' dir='ltr'>attemptaverit,</span> <span class='ocrx_word' id='word_1_178' title='bbox 1160 3249 1232 3334; x_wconf 91' lang='lat' dir='ltr'>ipse</span> <span class='ocrx_word' id='word_1_179' title='bbox 1263 3249 1318 3314; x_wconf 87' lang='lat' dir='ltr'>vel</span> 
     </span>
     <span class='ocr_line' id='line_1_23' title="bbox 194 3355 1311 3426; baseline -0.001 -2"><span class='ocrx_word' id='word_1_180' title='bbox 194 3375 366 3426; x_wconf 88' lang='lat' dir='ltr'>successor</span> <span class='ocrx_word' id='word_1_181' title='bbox 381 3377 460 3424; x_wconf 86' lang='lat' dir='ltr'>suus</span> <span class='ocrx_word' id='word_1_182' title='bbox 486 3358 662 3426; x_wconf 87' lang='lat' dir='ltr'>defendere</span> <span class='ocrx_word' id='word_1_183' title='bbox 672 3359 844 3426; x_wconf 88' lang='lat' dir='ltr'>tenebitur.</span> <span class='ocrx_word' id='word_1_184' title='bbox 865 3357 1010 3424; x_wconf 78' lang='lat' dir='ltr'>Thomas</span> <span class='ocrx_word' id='word_1_185' title='bbox 1027 3355 1161 3423; x_wconf 85' lang='lat' dir='ltr'>attilius</span> <span class='ocrx_word' id='word_1_186' title='bbox 1177 3357 1311 3423; x_wconf 92' lang='lat' dir='ltr'>Innoce-</span> 
     </span>
     <span class='ocr_line' id='line_1_24' title="bbox 193 3463 1313 3554; baseline -0.004 -20"><span class='ocrx_word' id='word_1_187' title='bbox 193 3465 255 3551; x_wconf 86' lang='lat' dir='ltr'>eij,</span> <span class='ocrx_word' id='word_1_188' title='bbox 280 3487 340 3554; x_wconf 92' lang='lat' dir='ltr'>pro</span> <span class='ocrx_word' id='word_1_189' title='bbox 361 3472 455 3554; x_wconf 87' lang='lat' dir='ltr'>parte</span> <span class='ocrx_word' id='word_1_190' title='bbox 470 3464 670 3551; x_wconf 86' lang='lat' dir='ltr'>Nicolaitilij</span> <span class='ocrx_word' id='word_1_191' title='bbox 687 3464 849 3534; x_wconf 90' lang='lat' dir='ltr'>Johannis</span> <span class='ocrx_word' id='word_1_192' title='bbox 859 3463 975 3531; x_wconf 85' lang='lat' dir='ltr'>adhoc</span> <span class='ocrx_word' id='word_1_193' title='bbox 991 3463 1078 3531; x_wconf 91' lang='lat' dir='ltr'>idem</span> <span class='ocrx_word' id='word_1_194' title='bbox 1095 3481 1132 3530; x_wconf 90' lang='lat' dir='ltr'>se</span> <span class='ocrx_word' id='word_1_195' title='bbox 1148 3463 1313 3548; x_wconf 81' lang='lat' dir='ltr'>obligave-</span> 
     </span>
     <span class='ocr_line' id='line_1_25' title="bbox 194 3569 1315 3663; baseline -0.003 -21"><span class='ocrx_word' id='word_1_196' title='bbox 194 3581 279 3642; x_wconf 88' lang='lat' dir='ltr'>runt.</span> <span class='ocrx_word' id='word_1_197' title='bbox 306 3577 348 3643; x_wconf 80' lang='lat' dir='ltr'>lit</span> <span class='ocrx_word' id='word_1_198' title='bbox 362 3594 460 3663; x_wconf 89' lang='lat' dir='ltr'>super</span> <span class='ocrx_word' id='word_1_199' title='bbox 490 3575 553 3642; x_wconf 90' lang='lat' dir='ltr'>hiis</span> <span class='ocrx_word' id='word_1_200' title='bbox 570 3575 720 3642; x_wconf 90' lang='lat' dir='ltr'>omnibus</span> <span class='ocrx_word' id='word_1_201' title='bbox 744 3591 785 3640; x_wconf 87' lang='lat' dir='ltr'>ae</span> <span class='ocrx_word' id='word_1_202' title='bbox 811 3571 949 3658; x_wconf 81' lang='lat' dir='ltr'>singulis</span> <span class='ocrx_word' id='word_1_203' title='bbox 974 3569 1174 3657; x_wconf 88' lang='lat' dir='ltr'>supradictis</span> <span class='ocrx_word' id='word_1_204' title='bbox 1199 3571 1315 3640; x_wconf 87' lang='lat' dir='ltr'>literas</span> 
     </span>
     <span class='ocr_line' id='line_1_26' title="bbox 194 3677 1316 3770; baseline 0 -22"><span class='ocrx_word' id='word_1_205' title='bbox 194 3681 317 3752; x_wconf 89' lang='lat' dir='ltr'>domini</span> <span class='ocrx_word' id='word_1_206' title='bbox 341 3684 441 3770; x_wconf 81' lang='lat' dir='ltr'>Regis</span> <span class='ocrx_word' id='word_1_207' title='bbox 457 3682 551 3750; x_wconf 88' lang='lat' dir='ltr'>nobis</span> <span class='ocrx_word' id='word_1_208' title='bbox 577 3681 740 3751; x_wconf 78' lang='lat' dir='ltr'>exhibitas</span> <span class='ocrx_word' id='word_1_209' title='bbox 756 3699 815 3770; x_wconf 86' lang='lat' dir='ltr'>per</span> <span class='ocrx_word' id='word_1_210' title='bbox 831 3681 964 3749; x_wconf 82' lang='lat' dir='ltr'>eosdem</span> <span class='ocrx_word' id='word_1_211' title='bbox 980 3678 1162 3766; x_wconf 81' lang='lat' dir='ltr'>recepimus</span> <span class='ocrx_word' id='word_1_212' title='bbox 1177 3677 1238 3748; x_wconf 87' lang='lat' dir='ltr'>sub</span> <span class='ocrx_word' id='word_1_213' title='bbox 1253 3679 1316 3748; x_wconf 86' lang='lat' dir='ltr'>hac</span> 
     </span>
     <span class='ocr_line' id='line_1_27' title="bbox 194 3791 317 3861; baseline 0 -3"><span class='ocrx_word' id='word_1_214' title='bbox 194 3791 317 3861; x_wconf 76' lang='lat' dir='ltr'>forma:</span> 
     </span>
    </p>
   </div>
   <div class='ocr_carea' id='block_1_4' title="bbox 193 3911 1317 4550">
    <p class='ocr_par' dir='ltr' id='par_1_4' title="bbox 193 3911 1317 4550">
     <span class='ocr_line' id='line_1_28' title="bbox 242 3911 1260 3990; baseline -0.005 -16"><span class='ocrx_word' id='word_1_215' title='bbox 242 3912 442 3987; x_wconf 79' lang='lat' dir='ltr'>(Koretkeaik</span> <span class='ocrx_word' id='word_1_216' title='bbox 453 3911 855 3990; x_wconf 74' lang='lat' dir='ltr'>lv.1³srarnaryorrnenys</span> <span class='ocrx_word' id='word_1_217' title='bbox 868 3911 1260 3986; x_wconf 62' lang='lat' dir='ltr'>monoschemum.)</span> 
     </span>
     <span class='ocr_line' id='line_1_29' title="bbox 298 4024 1316 4115; baseline -0.005 -21"><span class='ocrx_word' id='word_1_218' title='bbox 298 4025 369 4094; x_wconf 82' lang='lat' dir='ltr'>Noa</span> <span class='ocrx_word' id='word_1_219' title='bbox 396 4025 496 4111; x_wconf 73' lang='lat' dir='ltr'>igitur</span> <span class='ocrx_word' id='word_1_220' title='bbox 518 4026 563 4095; x_wconf 82' lang='lat' dir='ltr'>ad</span> <span class='ocrx_word' id='word_1_221' title='bbox 585 4027 783 4115; x_wconf 86' lang='lat' dir='ltr'>peticionem</span> <span class='ocrx_word' id='word_1_222' title='bbox 817 4024 992 4095; x_wconf 86' lang='lat' dir='ltr'>eorundem</span> <span class='ocrx_word' id='word_1_223' title='bbox 1022 4025 1199 4094; x_wconf 86' lang='lat' dir='ltr'>secundum</span> <span class='ocrx_word' id='word_1_224' title='bbox 1226 4029 1316 4091; x_wconf 89' lang='lat' dir='ltr'>teno-</span> 
     </span>
     <span class='ocr_line' id='line_1_30' title="bbox 193 4130 1317 4220; baseline -0.007 -15"><span class='ocrx_word' id='word_1_225' title='bbox 193 4156 263 4206; x_wconf 88' lang='lat' dir='ltr'>rem</span> <span class='ocrx_word' id='word_1_226' title='bbox 294 4136 462 4204; x_wconf 87' lang='lat' dir='ltr'>literarum</span> <span class='ocrx_word' id='word_1_227' title='bbox 487 4132 610 4204; x_wconf 91' lang='lat' dir='ltr'>domini</span> <span class='ocrx_word' id='word_1_228' title='bbox 633 4136 734 4220; x_wconf 77' lang='lat' dir='ltr'>Regis</span> <span class='ocrx_word' id='word_1_229' title='bbox 765 4136 897 4204; x_wconf 87' lang='lat' dir='ltr'>litteras</span> <span class='ocrx_word' id='word_1_230' title='bbox 936 4140 1066 4202; x_wconf 85' lang='lat' dir='ltr'>nostras</span> <span class='ocrx_word' id='word_1_231' title='bbox 1094 4130 1317 4201; x_wconf 87' lang='lat' dir='ltr'>concessimus</span> 
     </span>
     <span class='ocr_line' id='line_1_31' title="bbox 193 4237 1317 4334; baseline -0.008 -20"><span class='ocrx_word' id='word_1_232' title='bbox 193 4245 295 4334; x_wconf 82' lang='lat' dir='ltr'>sigilli</span> <span class='ocrx_word' id='word_1_233' title='bbox 310 4245 419 4314; x_wconf 88' lang='lat' dir='ltr'>nostri</span> <span class='ocrx_word' id='word_1_234' title='bbox 435 4243 612 4314; x_wconf 89' lang='lat' dir='ltr'>munimine</span> <span class='ocrx_word' id='word_1_235' title='bbox 641 4245 821 4312; x_wconf 81' lang='lat' dir='ltr'>roboratos.</span> <span class='ocrx_word' id='word_1_236' title='bbox 837 4239 959 4311; x_wconf 85' lang='lat' dir='ltr'>Datum</span> <span class='ocrx_word' id='word_1_237' title='bbox 976 4261 1035 4330; x_wconf 90' lang='lat' dir='ltr'>per</span> <span class='ocrx_word' id='word_1_238' title='bbox 1050 4259 1165 4310; x_wconf 81' lang='lat' dir='ltr'>manus</span> <span class='ocrx_word' id='word_1_239' title='bbox 1182 4237 1317 4324; x_wconf 77' lang='lat' dir='ltr'>Georgii</span> 
     </span>
     <span class='ocr_line' id='line_1_32' title="bbox 194 4347 1225 4440; baseline -0.009 -18"><span class='ocrx_word' id='word_1_240' title='bbox 194 4354 343 4424; x_wconf 86' lang='lat' dir='ltr'>Lectoris</span> <span class='ocrx_word' id='word_1_241' title='bbox 359 4353 595 4440; x_wconf 74' lang='lat' dir='ltr'>strigoniensis</span> <span class='ocrx_word' id='word_1_242' title='bbox 610 4371 696 4422; x_wconf 84' lang='lat' dir='ltr'>cuno</span> <span class='ocrx_word' id='word_1_243' title='bbox 712 4349 847 4420; x_wconf 89' lang='lat' dir='ltr'>Domini</span> <span class='ocrx_word' id='word_1_244' title='bbox 861 4348 1062 4420; x_wconf 73' lang='lat' dir='ltr'>M⁰00⁰Xla⁰</span> <span class='ocrx_word' id='word_1_245' title='bbox 1077 4347 1225 4435; x_wconf 85' lang='lat' dir='ltr'>septimo.</span> 
     </span>
     <span class='ocr_line' id='line_1_33' title="bbox 606 4472 898 4550; baseline -0.01 -16"><span class='ocrx_word' id='word_1_246' title='bbox 606 4475 661 4550; x_wconf 77' lang='lat' dir='ltr'>(Aa</span> <span class='ocrx_word' id='word_1_247' title='bbox 673 4475 783 4534; x_wconf 84' lang='lat' dir='ltr'>eredeti</span> <span class='ocrx_word' id='word_1_248' title='bbox 795 4472 898 4548; x_wconf 74' lang='lat' dir='ltr'>utdu.)</span> 
     </span>
    </p>
   </div>
   <div class='ocr_carea' id='block_1_5' title="bbox 637 4643 884 4659">
    <p class='ocr_par' dir='ltr' id='par_1_5' title="bbox 637 4643 884 4659">
     <span class='ocr_line' id='line_1_34' title="bbox 637 4643 884 4659; baseline 0.008 -3"><span class='ocrx_word' id='word_1_249' title='bbox 637 4643 884 4659; x_wconf 67' lang='lat' dir='ltr'>-u-u—u-</span> 
     </span>
    </p>
   </div>
   <div class='ocr_carea' id='block_1_6' title="bbox 0 0 1589 5038">
    <p class='ocr_par' dir='ltr' id='par_1_6' title="bbox 0 0 1589 5038">
     <span class='ocr_line' id='line_1_35' title="bbox 0 0 1589 5038; baseline 0 0"><span class='ocrx_word' id='word_1_250' title='bbox 0 0 1589 5038; x_wconf 95' lang='lat' dir='ltr'> </span> 
     </span>
    </p>
   </div>
  </div>
 </body>
</html>
