3154 5038
184 1054 202 1117 l
206 1053 240 1118 V.
260 1053 453 1140 Iacchdpo
477 1049 796 1138 Mcpycrorszdpnok
820 1051 1021 1135 umonpolok
1046 1050 1140 1117 ellani
1153 1053 1302 1120 sedatore-

501 1157 617 1223 zdaerdl
632 1157 858 1244 pcodocleodilc.
875 1158 973 1224 1248.
1093 1241 1096 1246 1

287 1337 496 1404 Innocentius
512 1335 695 1423 Episcopus
712 1343 773 1404 etc.
791 1337 922 1404 dilectis
938 1335 1015 1406 filiis
1031 1387 1039 1404 .
1058 1387 1065 1402 .
1083 1387 1090 1404 .
1112 1340 1300 1426 Preceptori

178 1452 212 1512 et
227 1444 386 1512 iratribus
403 1445 586 1531 Hospitalis
602 1443 862 1514 ierosolimitani
878 1447 910 1511 in
921 1445 1068 1532 Ungaria
1079 1450 1220 1517 salutem
1237 1455 1298 1515 etc.

179 1553 333 1636 Reliquis
347 1552 491 1620 fidelium
507 1550 540 1615 in
555 1552 706 1636 pertibus
730 1553 877 1638 Ungarie
907 1555 1084 1637 positorum
1101 1557 1252 1641 suspiriis
1269 1563 1301 1622 et

177 1661 324 1726 lacrimis
340 1659 563 1728 redundantes
580 1661 736 1745 pietatem
752 1659 933 1726 sollicitant
957 1662 1073 1728 Matris
1090 1660 1249 1746 Ecclesie,
1267 1668 1301 1728 ut
1418 1652 1422 1660 ’

182 1767 248 1834 sibi
264 1768 305 1834 de
321 1766 377 1834 illo
393 1765 567 1853 provideat
591 1764 795 1834 defensionis
811 1766 944 1851 anxilio,
962 1787 1022 1851 per
1047 1767 1133 1852 quod
1149 1770 1240 1854 ipse,
1273 1771 1302 1834 si

179 1893 262 1960 gens
279 1875 379 1958 impia
410 1875 622 1942 'l'artarcrum
653 1893 745 1940 suam
761 1875 795 1939 in
811 1892 869 1940 eas
884 1875 1026 1959 experiri
1041 1876 1192 1943 sevitiam
1209 1874 1301 1941 moli-

177 1991 275 2068 retur,
292 1982 420 2067 possint
435 1980 478 2049 ab
495 1981 594 2049 exilio
609 1982 732 2068 proripi
748 1984 799 2049 vel
816 1983 1009 2050 exterminio
1019 1986 1213 2068 preservari,
1230 1983 1299 2049 nni·

177 2091 334 2158 versitate
356 2088 533 2156 Christiani
551 2090 664 2174 populi
681 2099 900 2173 consequente
917 2111 974 2176 pcr
990 2090 1053 2158 hoc
1068 2089 1210 2157 salubris
1226 2110 1299 2176 pro·

178 2197 314 2264 visionis
340 2194 508 2278 ellectum3
543 2215 614 2262 cnm
631 2197 675 2262 sit
690 2205 916 2280 argumentum
933 2195 1088 2279 evidens,
1115 2195 1201 2280 quod
1226 2198 1301 2283 ipsa

180 2321 299 2370 secura
314 2309 447 2370 maneat
463 2309 496 2370 et
510 2303 686 2388 tranquilla
712 2304 891 2388 consistet,
914 2303 943 2370 si
957 2323 1039 2387 gens
1055 2302 1112 2370 illa
1129 2305 1302 2372 serissima

179 2410 302 2478 Divina
319 2411 456 2479 dextera
480 2411 698 2499 triumphante
735 2412 846 2480 valcat
878 2412 1002 2479 conteri
1018 2429 1076 2478 seu
1092 2409 1133 2478 de
1150 2411 1299 2478 contrito-

179 2539 248 2586 mm
266 2518 401 2587 confinio
416 2518 590 2606 profligari.
608 2521 678 2601 Hoc
695 2521 780 2587 enim
805 2519 967 2604 dumnoc,
995 2520 1051 2604 qui
1077 2539 1187 2586 curam
1203 2539 1299 2606 gene-

179 2628 260 2694 ralis
308 2628 479 2715 Ecclesie,
506 2629 583 2696 licet
599 2629 769 2714 immeriti,
792 2629 865 2695 Deo
882 2627 1074 2713 disponente
1098 2629 1302 2714 suscepimus

180 2739 292 2802 nostre
328 2736 446 2804 mentis
485 2735 587 2804 oculis
623 2741 874 2820 presentamus,
904 2733 1071 2802 reddimur
1101 2731 1172 2820 (ex)
1205 2733 1301 2802 corde

180 2842 332 2926 solliciti,
362 2851 397 2908 nt
420 2841 487 2908 illis
510 2842 720 2911 intendamus
734 2843 908 2927 remediis,
935 2863 993 2929 per
1016 2861 1079 2926 quc
1094 2843 1130 2909 in
1144 2842 1301 2928 predictis
1414 2883 1423 2896 ·

178 2949 324 3036 partibus
352 2951 491 3018 celebris
517 2950 609 3019 iuxtc
634 2965 754 3020 mo'rern
783 2953 826 3019 sit
842 2951 949 3036 gloria
963 2951 1203 3037 Redemptoris.
1220 2949 1301 3019 Cum

178 3065 286 3126 antem
311 3078 391 3144 vos,
423 3059 481 3145 qui
496 3078 555 3145 per
580 3068 771 3147 assunptnm
798 3057 945 3126 habitum
970 3059 1075 3126 crucis
1107 3057 1300 3143 ostenditis,

171 3166 264 3250 ,quod
294 3185 410 3253 corpus
435 3173 468 3234 ct
498 3171 640 3236 animam
674 3188 796 3256 ponere
821 3187 879 3252 pro
913 3167 1059 3234 crucifixi
1083 3166 1191 3252 gloria
1221 3187 1300 3250 gau·

178 3273 294 3352 dentis,
321 3274 363 3342 cd
381 3275 441 3342 hou
450 3325 459 3360 ,
485 3282 581 3361 prout
596 3277 629 3342 in
655 3275 796 3345 Domino
815 3277 1000 3348 exultantes
1017 3273 1212 3358 accepimus,
1230 3278 1301 3339 tota

180 3381 252 3449 sitis
283 3387 389 3452 mente
420 3385 573 3467 solliciti,
607 3391 643 3452 nt
673 3406 731 3471 por
762 3405 821 3452 ros
846 3390 880 3450 et
911 3383 995 3450 alios
1035 3379 1155 3450 Christi
1185 3377 1301 3446 fideles
1389 3383 1398 3424 ⁷

179 3491 263 3558 deici
279 3492 414 3558 valeant
429 3491 605 3560 Christiani
637 3493 777 3560 nominis
807 3491 951 3558 inimici:
972 3489 1218 3557 universitatem
1247 3504 1301 3554 ue-

179 3604 280 3664 stram
309 3618 463 3686 rogamus
489 3607 522 3668 et
536 3601 703 3669 hortamur
719 3600 853 3684 attenti,
886 3600 921 3666 in
951 3597 1174 3666 remissionem
1207 3593 1301 3664 vobis

177 3713 387 3792 peccatorum
407 3709 638 3795 iniungentes,
652 3713 813 3792 quatenns
840 3708 927 3776 cirac
944 3714 1010 3775 tam
1027 3707 1115 3792 pium
1135 3706 1299 3790 negotium

90 3826 95 3832 ·
178 3813 227 3882 sic
239 3821 349 3884 vestre
365 3815 492 3884 uirtutis
509 3817 660 3903 exemplo
685 3817 824 3884 aliorum
841 3813 1049 3884 inflammetis
1065 3813 1239 3898 affectum,
1263 3819 1300 3879 ut

179 3921 208 3988 si
223 3923 418 4008 necessitas,
435 3925 521 4007 quod
537 3926 634 4008 absit,
651 3925 806 4010 exegerit,
824 3924 888 3991 Dei
904 3923 1031 3992 familia
1045 3921 1086 3988 dc
1102 3921 1217 4007 Regno
1233 3919 1298 3987 Un-

179 4031 273 4113 garie
291 4049 351 4114 per
366 4050 425 4098 vos
450 4033 574 4115 potenti
590 4033 725 4101 bruchio
741 4032 952 4118 defendatur,
979 4037 1012 4100 et
1038 4051 1116 4116 pars
1147 4028 1300 4116 opposita

178 4135 250 4207 Deo
266 4139 406 4225 propitio
427 4139 520 4206 ruine
535 4140 670 4224 grandis
687 4141 831 4209 incurrat
841 4140 1059 4228 opprobrium,
1091 4157 1131 4204 ac
1141 4135 1301 4221 redempti

177 4247 323 4328 pretioso
349 4248 430 4315 Jesn
459 4245 581 4314 Christi
606 4249 765 4332 sangnine
790 4255 901 4334 optate
917 4248 1033 4316 salutis
1059 4249 1299 4326 consequuntur

178 4357 339 4426 effectum.
360 4355 429 4422 Nos
446 4355 540 4440 enim,
557 4361 593 4422 nt
608 4355 696 4441 quod
712 4363 779 4425 tam
794 4358 849 4443 pic
865 4375 962 4441 qnam
978 4358 1063 4422 inste
1079 4349 1236 4436 cupimus,
1253 4351 1298 4418 le-

121 4457 125 4470 '
178 4473 286 4534 tantur
302 4473 334 4531 et
350 4465 465 4534 leviter
480 4463 551 4532 fieri
566 4465 771 4550 gaudeamus
787 4464 890 4551 vohis,
910 4461 1034 4532 familie
1049 4465 1159 4529 vestre
1175 4477 1215 4523 ac
1230 4478 1298 4524 om·

167 4572 273 4645 'nibus
290 4572 376 4664 ollis,
394 4573 450 4660 qui
465 4572 630 4644 vobiscum
646 4575 740 4660 signo
755 4574 862 4648 crucis
882 4577 1050 4656 assumpto
1066 4567 1100 4633 in
1115 4563 1298 4652 Ungariam
