3154 5038
783 253 849 328 204

732 350 892 366 u-m—

252 457 338 526 mine
354 450 856 537 refleetitnrversnsmeridiem‚
873 457 915 521 et
929 448 1033 522 tendit
1059 449 1195 524 interius
1212 447 1257 519 ad
1273 467 1375 535 quen·

252 565 329 632 dom
345 563 444 648 riom,
461 563 495 630 in
510 563 602 630 ouius
617 559 756 627 transitu
772 578 814 628 ex
830 565 967 644 utreque
983 567 1076 644 perte
1092 579 1177 644 oque
1194 565 1269 626 sunt
1286 563 1371 626 mete

254 678 289 738 et
305 670 396 738 redit
410 691 470 759 per
486 669 625 758 sylvam,
643 676 677 736 et
691 669 726 736 in
741 668 881 736 transitu
896 669 981 737 silve
998 675 1049 736 est
1065 675 1153 736 mete
1163 677 1271 737 terrea
1286 668 1379 738 iuxta

253 777 352 856 viem,
368 785 401 846 et
417 776 538 844 ibidem
562 777 654 843 inxte
679 774 816 844 eandem
833 776 951 844 silvam
968 777 1002 842 in
1018 777 1162 862 quodem
1177 797 1282 864 perso
1297 778 1370 845 loeo

251 882 427 952 reflectitur
443 883 486 950 ad
502 884 669 966 orientem,
686 881 743 948 ubi
759 891 810 950 est
825 890 913 950 mete
934 890 1061 976 terrea3
1085 891 1118 950 et
1133 885 1209 952 inde
1217 883 1375 972 ·prooedit

253 1011 368 1062 versus
384 993 488 1059 Ebres
504 991 548 1059 ed
564 991 734 1058 meridiem
750 991 868 1056 transit
884 1010 942 1076 per
958 992 1053 1076 viem,
1070 990 1127 1058 obi
1143 998 1232 1059 meto
1247 1001 1298 1060 est
1315 990 1376 1059 sub

253 1101 413 1186 virgult03
440 1107 473 1166 et
488 1099 563 1166 hine
587 1099 691 1166 tendit
715 1099 806 1166 iuxta
817 1100 934 1166 silvam
950 1099 1056 1166 Ebres
1073 1118 1187 1167 versus
1204 1102 1372 1185 orientem,

255 1209 310 1276 nbi
327 1209 359 1274 in
375 1208 492 1276 arbore
508 1207 583 1272 baro
593 1215 642 1274 est
657 1215 755 1291 mete,
774 1215 806 1276 et
822 1206 897 1296 inde
913 1207 1056 1274 deoliuot
1072 1228 1187 1277 versus
1204 1209 1373 1276 meridiem

251 1315 296 1384 od
312 1299 475 1399 quendam
490 1316 587 1399 viam,
603 1315 660 1382 ubi
675 1321 725 1381 est
735 1321 822 1383 mete
833 1322 953 1401 terroe3
971 1315 1046 1384 bino
1061 1335 1121 1401 per
1136 1317 1273 1385 eandem
1289 1316 1374 1383 viem

251 1444 310 1510 per
326 1433 432 1491 metes
463 1430 588 1490 terreas
612 1423 761 1509 procedit
779 1443 893 1490 versus
915 1424 1136 1509 occidentem,
1170 1433 1203 1492 et
1226 1425 1316 1494 venit
1331 1423 1375 1490 od

258 1533 356 1616 viam,
374 1549 436 1615 que
462 1531 601 1595 deremet
625 1530 752 1616 dieitur,
770 1537 803 1596 et
818 1533 860 1598 ab
878 1531 992 1599 eedem
1020 1533 1075 1600 rie
1091 1553 1206 1602 versus
1222 1535 1378 1600 orientem

253 1644 286 1710 in
302 1641 442 1724 quodem
466 1657 568 1724 parvo
599 1641 670 1706 loeo
695 1637 870 1706 reflectitur
885 1640 930 1707 od
945 1641 1130 1727 meridiem,
1160 1642 1216 1708 ubi
1246 1643 1306 1709 sub
1323 1663 1372 1708 er-

253 1749 330 1816 bore
356 1746 417 1835 piri
443 1755 494 1816 est
524 1755 626 1832 mete,
652 1757 684 1816 et
700 1746 775 1814 inde
801 1747 950 1832 procedit
964 1768 1077 1816 versus
1094 1749 1248 1817 Gabraoh
1279 1752 1377 1818 metis

254 1855 390 1940 terreis,
433 1863 465 1922 et
496 1854 669 1921 arboribus
711 1875 806 1922 oruoe
838 1856 977 1940 signetis
1016 1858 1166 1942 pervenit
1195 1859 1240 1925 ad
1278 1858 1376 1942 viam,

255 1984 318 2049 que
349 1971 400 2030 est
423 1966 516 2028 iuxta
532 1963 705 2047 Gabreeb,
737 1969 770 2029 et
786 1965 902 2030 silvam
928 1963 1081 2030 Gabrach
1111 1968 1230 2032 transit
1260 1967 1376 2046 diecto,

257 2081 291 2138 et
301 2073 395 2137 iuxta
405 2071 522 2137 silvam
544 2071 772 2138 circumeundo
787 2069 939 2154 pervenit
953 2071 993 2136 ed
1005 2092 1157 2156 magnam
1176 2073 1261 2139 viam
1272 2121 1280 2156 ,
1313 2091 1377 2156 qne

258 2181 299 2246 de
316 2178 438 2264 Vestro¹
450 2179 539 2244 dueit
553 2179 587 2245 in
616 2178 808 2260 Werouobe,
826 2185 859 2244 et
882 2197 942 2263 per
960 2179 1100 2246 eandem
1122 2186 1377 2263 magnanimem

257 2285 394 2354 reflectit
425 2287 467 2352 ad
491 2281 632 2373 inriorem
657 2295 802 2365 meten,
835 2295 868 2351 et
899 2289 948 2352 sio
980 2289 1179 2353 terrorinetur.
1206 2289 1249 2354 Vt
1279 2289 1376 2373 igitur

257 2394 350 2462 buius
367 2401 478 2461 nostre
495 2393 718 2460 ordinacionis
735 2395 838 2461 series
849 2395 946 2460 robor
957 2396 1103 2463 obtineat
1114 2395 1284 2480 firmitatis,
1302 2417 1374 2483 pre-

256 2511 367 2570 sentes
385 2503 511 2572 litteras
527 2501 672 2586 duplicis
698 2503 799 2588 sigilli
816 2503 920 2570 nostri
947 2503 1123 2570 munimine
1151 2510 1378 2572 concessimus

255 2611 439 2677 roboratas.
456 2608 578 2676 Datum
594 2611 752 2679 ininsula
773 2612 923 2696 leporum
939 2633 998 2698 per
1015 2631 1130 2679 menos
1150 2613 1256 2679 fidelis
1272 2614 1376 2679 nostri

255 2717 451 2786 Genoellarii
469 2719 616 2802 magistri
632 2720 725 2788 Akus
736 2718 949 2788 Thosenrarii
960 2721 1115 2790 Albensis
1126 2721 1273 2788 Eeolesie
1289 2735 1377 2789 anno

255 2827 386 2893 Domini
402 2825 521 2892 M⁰OO⁰
536 2825 789 2913 quadragesimo
807 2835 935 2896 ooteuo.

263 3001 301 3074 (n
313 3000 595 3075 ponsegarntpeann
618 3003 729 3060 nebo-n
743 3001 905 3059 sennenn.
929 3003 1096 3076 nejerezen
1112 2967 1298 3078 onmtn'ynen
1312 3008 1382 3064 esan

377 3093 460 3149 rertd
473 3091 624 3149 teredeket
636 3095 714 3150 tenti
727 3092 796 3150 eod.
809 3093 887 3166 Dipl.
899 3093 948 3151 IV.
963 3095 990 3150 k.
1006 3097 1032 3151 2.
1048 3095 1119 3153 ree.
1134 3097 1152 3150 l.
1169 3096 1272 3171 Cseeb.)

698 3355 777 3364 ...ι-...-
791 3357 879 3364 .-.--η-.
891 3356 951 3365 ...-
