3140 5044
185 969 208 1034 1
211 963 247 1036 V.
278 966 361 1032 Bcza
378 965 487 1052 lcirdly
509 964 655 1046 scindor,
687 964 810 1030 Marcel
839 961 920 1052 prof
937 962 1056 1048 fiducie
1086 981 1167 1026 escre
1183 957 1309 1047 Μίδαι

406 1073 524 1160 Druup
538 1081 617 1138 ocull
627 1069 735 1158 fc'ldet
750 1072 862 1158 engadi
876 1069 968 1136 ucat.
986 1069 1083 1134 1252.

292 1251 375 1320 Belo
388 1249 455 1320 Dei
478 1251 593 1337 gracia
615 1248 799 1336 Hungsrie‚
824 1248 1007 1334 Dalmacie,
1032 1243 1175 1332 Oroatis,
1197 1245 1310 1322 Βιιιιο,

175 1347 325 1444 Servio,
355 1357 510 1443 Gallicis,
549 1355 753 1453 Lcdonrcrie,
797 1355 1022 1440 Gumanlcqne
1052 1354 1125 1422 Rex
1146 1349 1311 1438 uniuersis

187 1465 310 1537 Christi
333 1463 487 1534 fidelibus
518 1483 654 1552 presens
678 1465 837 1552 scriptum
851 1529 855 1542 ,
868 1463 1062 1552 inspecturis
1095 1459 1235 1531 sulutem
1275 1457 1309 1526 in

187 1555 266 1640 vero
296 1573 443 1642 salumri.
471 1572 733 1660 circumspeccio
758 1572 890 1658 Regum
907 1568 1054 1657 prouida.
1067 1569 1116 1637 sic
1140 1565 1309 1637 consuevit

101 1699 105 1708 ·
185 1679 350 1752 communi
373 1677 507 1748 utilitati
541 1670 734 1765 providere,
759 1678 845 1764 quod
868 1679 988 1748 exinde
1013 1678 1085 1744 iura
1119 1695 1184 1742 non
1209 1675 1308 1762 depe·

187 1793 281 1856 reonl
304 1785 526 1874 privatorum.¹
539 1787 613 1856 Hac
628 1789 729 1874 igitur
752 1773 1021 1856 consideracione
1042 1785 1165 1854 inducti
1182 1782 1225 1850 ad
1240 1781 1310 1850 uni·

188 1911 354 1963 versorum
376 1895 533 1965 noticiam
557 1895 728 1981 pervenire
743 1895 895 1990 volumus
919 1894 1124 1982 presencium
1143 1911 1202 1978 por
1216 1895 1311 1958 tenc·

187 2021 274 2091 rem,
298 2003 385 2088 quod
409 2021 481 2070 curn
497 2007 585 2090 terra
608 2003 792 2070 Alexandri
815 2003 873 2070 filii
895 2002 1044 2071 Marcelli
1067 2000 1227 2084 Comitis,
1250 2015 1309 2064 no·

170 2113 273 2178 *mine
296 2111 433 2194 llortun,
458 2110 492 2177 in
516 2107 654 2177 confinio
679 2108 785 2196 Regni
801 2113 903 2180 nostri
926 2111 1114 2194 constituta,
1136 2126 1196 2194 pro
1220 2105 1305 2172 utili·
1350 2153 1352 2158 -

188 2225 257 2287 tate
279 2217 382 2304 ipsius
406 2216 535 2284 confinii
559 2217 734 2286 admodum
744 2219 934 2288 necessaria
949 2217 1143 2301 haberetur,
1177 2219 1211 2282 et
1224 2209 1311 2283 idern

187 2324 376 2394 Alexander
398 2331 532 2411 propter
564 2327 734 2392 continuos
759 2323 898 2392 insultus
921 2325 1121 2394 Australium
1146 2343 1221 2390 earn
1243 2343 1308 2390 non
1402 2381 1410 2420 f
1442 2321 1447 2328 ’

186 2441 300 2528 posset
323 2432 495 2521 possidere
517 2431 655 2518 pacifice
679 2440 712 2498 et
751 2432 880 2516 quiete,
905 2439 1069 2520 receptam
1105 2451 1164 2518 per
1186 2449 1246 2497 nos
1262 2430 1309 2516 ip-

190 2561 261 2609 sam
277 2540 432 2624 terram,
423 2559 456 2606 ιιι
473 2540 697 2607 concambium
708 2535 851 2608 eiusdem
868 2548 988 2610 terram
1003 2541 1118 2627 Durug
1133 2537 1310 2608 Poscnien·

189 2649 237 2716 sis
253 2653 288 2714 ct
309 2645 528 2715 Musuniensis
552 2651 751 2732 castrorum,
775 2648 849 2714 usui
873 2649 1018 2733 quinque
1035 2655 1216 2718 aratrorum
1233 2649 1308 2716 sub

183 2753 358 2840 jacentem,
382 2773 454 2820 curn
470 2753 579 2820 teneto
597 2761 629 2820 et
644 2753 721 2820 aliis
745 2736 941 2824 utilitatibus
958 2775 998 2824 oc
1014 2755 1225 2844 pertinenciis
1242 2755 1310 2824 suis

182 2861 395 2947 jampridem
419 2868 452 2928 et
473 2863 561 2928 ncnc
578 2861 772 2928 conferimus
787 2861 916 2948 pleno
907 2883 976 2932 rure
986 2911 995 2947 ‚
1020 2863 1169 2931 volentes
1193 2871 1228 2930 ut
1243 2869 1310 2932 tam

186 2967 258 3054 ipse
281 2987 379 3053 quam
403 2969 453 3064 sui
476 2967 637 3051 heredes,
662 2967 882 3054 heredumque
915 2989 1124 3038 successores
1153 2990 1227 3038 eam
1251 2991 1310 3057 ps·
1373 2967 1377 2976 ’

185 3073 276 3142 cilice
308 3074 502 3160 possideant
533 3081 566 3140 et
597 3075 714 3158 quiete.
737 3075 808 3158 ¹Quo
833 3077 994 3160 siqnidem
1019 3085 1107 3146 torre
1147 3084 1308 3162 exparte

190 3179 352 3246 orientali·
366 3186 589 3246 commetaneu
615 3187 666 3246 est
689 3187 774 3248 terre
801 3182 951 3250 villarum
968 3182 1053 3272 Olnp
1070 3193 1103 3251 et
1121 3181 1244 3269 Uruts;
1268 3203 1309 3252 ex

188 3293 283 3370 parte
307 3285 514 3355 meridionali
545 3289 768 3373 generationis
791 3276 934 3375 Petruh3
962 3291 1010 3359 'ab
1034 3291 1204 3384 occidente
1229 3311 1309 3360 vcro

188 3399 278 3459 tenet
292 3399 413 3460 metam
429 3411 500 3460 enm
513 3393 748 3480 jobagicuibus
764 3381 865 3464 castri
880 3397 1100 3466 Musuniunsis
1118 3399 1204 3465 eleb
1219 3401 1311 3484 aqui·

192 3501 269 3565 lone
293 3518 364 3566 cnm
396 3501 526 3586 populis
557 3503 637 3570 ville
669 3501 795 3591 Durcg.
819 3505 862 3570 Vt
885 3505 982 3591 igitur
1005 3505 1137 3592 prefata
1170 3526 1308 3575 commu-

191 3604 321 3673 tacione
344 3607 445 3673 robur
469 3607 617 3674 obtineat
638 3605 822 3693 firmitatis,
845 3619 1016 3696 presentes
1032 3613 1255 3682 concessimus
1274 3616 1310 3682 li·

187 3711 276 3778 ter'us
299 3711 421 3815 duplici
444 3713 556 3799 sigilli
573 3717 676 3783 nostri
692 3717 867 3784 munimine
884 3720 1069 3792 roboratas.
1086 3723 1206 3793 Datum
1223 3745 1310 3794 anno

189 3819 321 3886 Domini
343 3807 516 3888 millesimo
540 3820 763 3890 ducentesimo
780 3826 1028 3912 quiquagesimc
1042 3831 1210 3930 secundo,
1245 3833 1309 3916 pri·

188 3925 243 3996 die
270 3913 348 3996 Idus
372 3927 529 4014 Augusti,
555 3931 660 4016 Regni
684 3939 794 4002 antem
817 3936 921 4033 nostri
943 3957 1029 4006 anno
1053 3924 1209 4075 (decimo)
1236 3959 1309 4026 scp-

188 4033 278 4102 timo.

116 4227 118 4233 ’
188 4209 245 4280 (Aa
258 4211 366 4268 eredeti
380 4193 458 4270 utin.
470 4211 551 4270 Ezcn
560 4215 683 4362 okvnlrdny
696 4219 835 4275 tironata
847 4213 992 4277 tuliltutilr
1000 4221 1132 4294 Fejdrndl
1143 4221 1213 4278 ecc.
1228 4219 1297 4292 Dlpl

624 4305 883 4382 manum
