3154 5030
772 261 932 365 AE-
1012 265 1044 292 ι.

292 462 393 522 strum
408 455 472 521 sibi
488 452 855 522 oonoedi'testimouium
871 451 1034 538 litterale3
1051 451 1137 537 quod
1153 460 1187 520 et
1203 454 1359 536 feoimus,
1376 474 1419 520 ne

291 561 476 629 videremur
501 561 661 628 communi
681 559 816 644 justicie
841 561 1012 646 derogare.
1044 560 1166 626 Datum
1197 578 1285 626 anno
1308 557 1420 642 grauis

261 653 263 658 '
292 649 465 738 mursano
492 667 713 736 ducentesimo
738 665 978 735 xxmvnm.
1004 666 1096 734 11110.
1112 667 1181 735 kar.
1205 665 1418 760 seponens.

625 861 627 866 ’
660 815 930 934 (mestorium.
944 859 1047 934 Otroia.)
1089 831 1094 844 ¹
1123 903 1125 910 .
1214 837 1230 877 .·
1321 899 1327 905 -

714 1137 719 1144 ι
730 1123 982 1136 w

606 1461 607 1464 ‘
748 1427 772 1543 ¹,
827 1475 936 1588 ιι.ΙΙ

293 1652 354 1719 IV.
374 1653 457 1720 Be'la
472 1651 584 1741 kirtly
596 1635 774 1740 moperdsiti
797 1677 818 1717 o
842 1649 1028 1738 bakoeybdt
1042 1653 1209 1739 apdtsdqot
1223 1652 1331 1780 Kajdr
1347 1651 1413 1784 bir-
1505 1727 1508 1734 Ι

382 1793 386 1802 ·
414 1789 416 1796 ’
495 1775 497 1780 “
685 1759 870 1825 tokdbau.
889 1759 1034 1824 redd·
1380 1803 1382 1806 -

389 1965 482 2044 'Bela
498 1978 560 2044 Dei
577 1964 888 2062 gratia'Hungarie',
903 1973 1075 2041 Dalmaoie
1084 2023 1093 2058 ,
1111 1967 1285 2056 Ohroaoie,
1301 1927 1416 2056 Reme,

291 2083 416 2167 Seruis,
434 2083 786 2162 GalioiaLodomerie,
797 2081 1100 2166 Cumaniequesser
1115 2079 1275 2148 uniuersis
1291 2079 1414 2146 Christi

292 2175 443 2258 fidelibus
459 2191 620 2278 paginam·
632 2196 816 2278 presentem
833 2190 1026 2277 inspecturis
1042 2191 1183 2256 salutem
1209 2189 1242 2254 in
1266 2207 1346 2254 uero
1363 2207 1415 2256 sa-

290 2292 399 2364 lutari.
423 2297 475 2362 Ea
497 2281 562 2382 oue
588 2297 706 2366 iudidio
731 2297 876 2384 legitime
900 2297 1123 2386 terminantur
1137 2293 1231 2380 firma
1245 2288 1367 2364 debent
1381 2301 1416 2360 et
1455 2358 1457 2362 .

253 2449 255 2452 -
291 2411 451 2490 perpetua
477 2423 690 2490 permanere;
717 2413 750 2473 et
765 2426 807 2472 ne
823 2405 855 2470 in
872 2403 1018 2495 reoidiue
1035 2404 1217 2487 questionis
1230 2402 1416 2486 sompnium

291 2510 504 2596 relabantur,
530 2512 723 2578 austeritate
738 2512 844 2596 Regia
859 2511 1014 2578 conuenit
1025 2499 1227 2582 eommuuiri.
1258 2511 1342 2576 Hine
1365 2517 1417 2577 est

291 2616 378 2702 quod
403 2615 446 2684 ad
471 2603 695 2700 uniuersorum
720 2621 874 2688 notitiam
898 2626 1014 2686 tenore
1037 2617 1242 2705 presencium
1265 2620 1425 2686 uolumus·

290 2726 474 2812 peruenire,
490 2727 578 2810 quod
593 2749 666 2795 oum
681 2728 766 2795 inter
781 2727 1017 2794 Monasterium
1032 2725 1128 2793 Beati
1137 2709 1284 2808 Mauriuij
1302 2725 1343 2796 de
1353 2725 1416 2790 Bel

290 2851 332 2898 ex
333 2839 440 2920 parte
457 2853 533 2918 una,
549 2840 582 2901 et
596 2836 726 2914 nobiles
742 2835 832 2903 uiros
847 2835 890 2902 de
905 2853 1028 2920 genere
1044 2831 1152 2924 Poeh',
1160 2835 1314 2926 Marsum
1328 2832 1416 2904 seili-

290 2945 344 3007 oet
343 2941 537 3027 ,Matinium
554 2940 769 3028 Dominieum,
787 2949 824 3010 et
835 2962 931 3028 qnam
946 2943 1056 3030 plures
1072 2943 1156 3011 alios
1173 2960 1225 3008 ex
1228 2919 1357 3024 altera,
1361 2959 1414 3010 su-

288 3066 347 3135 per
371 3047 514 3131 quadam
538 3055 626 3116 terra
647 3052 782 3118 nomine
805 3049 939 3138 Quoyar
962 3047 1088 3135 questio
1104 3061 1225 3118 eoram
1223 3049 1325 3118 nobis
1342 3047 1413 3115 diu·

289 3155 358 3222 oius
368 3155 530 3223 uentilata
538 3151 664 3255 fuisset,
672 3145 929 3242 allegantibus
920 3177 986 3224 ram
1000 3157 1098 3226 distis
1110 3156 1291 3240 nobilibus,
1307 3155 1413 3242 ipsum

167 3351 171 3360 ἱ
289 3269 411 3331 terram
426 3261 494 3330 'ad'
485 3281 575 3350 ipsos
591 3251 661 3332 iure
677 3251 876 3334 hereditario
900 3268 1082 3353 pertinere,
1108 3283 1309 3334 eoonuerso
1331 3283 1414 3332 uero
1470 3263 1473 3268 ’

288 3373 490 3441 Monesterio
517 3371 755 3460 respondente,
782 3375 951 3460 quodiam
967 3375 1057 3442 diota
1072 3379 1159 3440 terra
1173 3392 1217 3439 ex
1228 3371 1414 3438 donatione
1459 3434 1464 3444 ,

287 3477 471 3546 beatissimi
480 3481 585 3566 Regis
601 3463 761 3566 Stephani
781 3480 831 3555 ¹ad
855 3481 961 3568 ipsam
980 3481 1212 3575 Monaaterium
1224 3479 1414 3565 pertineret,

289 3591 322 3651 et
335 3603 464 3670 semper
474 3585 616 3670 pauidos
630 3587 853 3684 possedisset3
870 3577 1012 3675 nosipsi
1030 3589 1240 3666 Monasterio,
1260 3606 1333 3654 omn
1347 3585 1413 3672 pri·

288 3693 459 3776 uilegium
466 3713 502 3760 se
525 3693 661 3763 habere
673 3715 771 3780 super
789 3697 853 3764 hoo
868 3699 956 3765 idern
972 3703 1155 3781 assereret,
1180 3694 1413 3782 probationem

289 3799 441 3868 duximus
453 3799 672 3870 indicendam
689 3808 727 3872 ln
742 3804 914 3891 assignato
930 3805 1042 3902 itaque
1058 3805 1195 3874 termino
1205 3803 1412 3892 priuilegium

287 3908 458 3976 memorati
484 3901 601 3990 Sancti
620 3913 721 3997 Regis
747 3911 909 3998 Stephani
932 3895 1146 3982 donationem
1172 3919 1277 3980 terre
1284 3911 1411 3980 tociens

286 4015 373 4084 dioto
389 4017 547 4103 expresse
564 4020 760 4107 continens
751 4041 785 4086 ιιι
800 4019 921 4088 iudioio
938 4021 1118 4090 exhibitum
1138 4022 1200 4090 fuit
1224 4020 1339 4106 nobis,
1363 4017 1411 4084 ιιι-
1426 4097 1428 4101 Ι

286 4144 387 4212 super
407 4125 617 4210 priuilegium
641 4127 731 4195 beati
746 4125 849 4214 Regis
865 4129 1031 4213 Ladislai,
1056 4131 1112 4214 qui
1135 4129 1256 4196 dietum
1279 4127 1412 4215 priuile-

286 4234 374 4316 gium
392 4232 504 4301 Sanoti
519 4232 620 4316 Regis
636 4231 795 4320 Stephani
810 4237 1004 4322 innormat,
1029 4244 1063 4303 et
1087 4243 1193 4304 metes
1217 4235 1360 4319 undique
1375 4235 1411 4300 ιιι

287 4357 346 4408 suo
361 4339 534 4427 priuilegio
551 4339 794 4428 distinguebat,
811 4343 918 4412 extitit
932 4349 1165 4433 presentatum,
1181 4343 1411 4431 probaoiones-

287 4467 350 4532 que
366 4448 536 4517 euidentes
551 4453 794 4535 possessionem
804 4453 991 4520 continuam
1002 4451 1107 4539 ipsius
1117 4450 1308 4535 Monosterij
1320 4451 1411 4516 olere

203 4641 205 4647 k
287 4575 327 4623 au
342 4557 515 4626 manifeste
530 4558 685 4628 docentes
701 4567 777 4628 sunt
792 4561 913 4630 oblate.
938 4563 1009 4629 Nos
1025 4563 1124 4647 igitur
1139 4570 1207 4630 tam
1224 4559 1411 4628 manifestis
