3140 5044
265 893 325 959 IV.
336 890 419 958 Belo
428 889 536 978 ieretp
550 891 730 978 mcperdsiti
739 891 1062 980 Etbruuwbpozscnyi
1076 891 1268 980 edrjcbbdpy
1283 893 1315 955 es
1321 891 1391 975 fici

265 1002 412 1064 recimero
426 999 530 1064 Denso
544 997 710 1064 cammah
727 997 879 1064 Kcrcbuc
894 997 1051 1086 helycepre
1062 999 1237 1064 vouotkoad
1250 999 1392 1064 rure-ei

265 1102 358 1190 (130.
372 1129 415 1173 ει.
430 1104 478 1192 c.)
495 1107 526 1171 e's
541 1105 668 1173 Rolano
681 1105 850 1171 eudemio
868 1105 1121 1172 buccatortoimu
1144 1105 1282 1170 1249402·
1296 1100 1390 1190 (133.

608 1233 649 1278 sz.
674 1209 720 1298 α.)
736 1210 953 1278 ἱπιέιῙεεᾶέεοίι
970 1213 1068 1279 1253.

342 1379 346 1386 ’
375 1390 459 1458 Belo
474 1387 538 1456 Dei
553 1388 669 1476 gracia
683 1388 849 1474 Huugsric
860 1438 870 1474 ,
894 1391 1067 1458 Daimacie
1093 1390 1249 1476 Groaoie,
1275 1392 1391 1475 Reme,

269 1497 393 1582 Seruio,
411 1483 570 1582 Geliicic,
596 1495 799 1581 Lodomerie,
816 1497 1038 1582 Comanicqne
1054 1499 1124 1566 Rex
1139 1499 1303 1566 uniuersis
1318 1518 1391 1586 pre·

268 1613 395 1674 sentem
412 1607 568 1694 paginam
586 1607 779 1692 inspecturis
796 1609 937 1675 salutem
953 1608 984 1674 in
1003 1605 1120 1676 salutis
1145 1609 1312 1694 largitore.
1332 1607 1393 1676 Ju-

270 1715 330 1780 stis
345 1716 532 1800 petencium
543 1712 721 1780 dedideriis
738 1713 899 1798 Prmcipis
924 1716 1068 1782 animum
1084 1715 1235 1784 inclinsri
1256 1723 1290 1782 et
1310 1714 1392 1782 crdo

265 1822 350 1908 jutis
375 1827 409 1888 et
423 1821 519 1906 vigor
534 1823 637 1906 exigit
651 1819 815 1904 racionis,
841 1821 1033 1908 dummodo,
1052 1825 1139 1907 quod
1155 1823 1286 1910 petitur,
1301 1821 1393 1890 iusti·

271 1931 321 1998 cie
336 1951 401 1997 non
418 1929 536 2010 obviet
557 1948 617 1996 neo
634 1927 696 1995 iuri
720 1928 900 2015 preindieet
916 1929 1035 1998 alieno.
1060 1931 1145 1998 Hinc
1161 1939 1222 2016 est,
1240 1932 1326 2014 quod
1349 1931 1390 1998 R

271 2037 408 2104 thuruch
420 2033 557 2121 jobagio
573 2035 681 2104 Oastri
698 2034 911 2105 Pescniensis
926 2036 968 2105 de
988 2038 1165 2119 Karobsn,
1190 2058 1257 2104 una
1268 2057 1339 2106 cnm
1355 2036 1391 2104 n.

273 2146 327 2212 iiis
343 2145 412 2212 suis
428 2143 570 2219 Simone,
592 2141 786 2230 Seraphim,
812 2145 910 2210 Petro
925 2166 948 2211 a
962 2145 1058 2214 nobis
1073 2144 1255 2230 postulavit
1271 2147 1395 2214 instnn

272 2261 332 2336 ter,
349 2258 385 2317 ut
400 2250 662 2334 assignationem
678 2251 824 2318 eiusdem
840 2258 925 2319 terre
941 2271 999 2320 sue
1015 2251 1145 2320 nomine
1161 2252 1319 2320 Karchan
1333 2269 1395 2338 per

274 2357 469 2445 Dionysium
501 2357 663 2440 quondam
693 2358 878 2426 Palatinum
908 2359 1067 2428 Comitem
1099 2361 1331 2428 Posonienscm
1352 2380 1397 2426 ex

275 2471 386 2536 nostro
401 2464 556 2548 mandato
580 2465 700 2534 iactam
716 2484 820 2533 vacue
847 2469 979 2534 omnino
996 2469 1175 2535 secundum
1191 2476 1339 2536 tenorem
1354 2468 1396 2534 li·

275 2583 418 2641 bererum
433 2573 620 2659 potencium
635 2573 738 2659 ipsius
754 2573 898 2642 Dionisii
913 2576 1050 2643 Comitis
1060 2583 1172 2644 nestro
1186 2575 1399 2662 dignaremur

275 2681 448 2768 privilegio
464 2677 662 2750 confirmare.
673 2679 817 2762 Quarum
828 2679 988 2768 siquidem
1002 2683 1167 2750 literarum
1177 2683 1318 2752 Dionisii
1336 2683 1400 2751 (lo

275 2788 364 2856 mitis
380 2795 473 2856 tenor
490 2788 568 2858 telis
579 2794 648 2856 est:

383 2893 550 2964 Dionisius
560 2897 733 2964 Palatinus
743 2901 776 2963 et
786 2895 904 2964 Comes
923 2897 1139 2974 Poscniensis.
1157 2897 1221 2964 sib.

308 3018 502 3086 (Kiivetkenik
515 3017 613 3075 Denes
625 3019 715 3076 nidor
728 3017 840 3076 lete-ki
853 3017 997 3093 ohmduya
1009 3021 1080 3077 mint
1092 3021 1197 3078 icnebb
1214 3019 1263 3079 180
1281 3039 1320 3076 sn.
1332 3021 1371 3091 a)

384 3129 523 3216 Insuper
538 3128 582 3196 ad
597 3131 753 3198 maiorem
768 3137 877 3198 nostre
908 3129 1099 3198 collacionis
1124 3132 1328 3200 evidenciam
1344 3132 1399 3198 iit

277 3242 366 3306 teras
383 3235 523 3304 Rolandi
548 3237 692 3305 Palatini
707 3245 742 3305 et
758 3237 894 3307 Comitis
911 3240 1121 3308 Posoniensis
1144 3239 1255 3308 diieoti
1272 3247 1305 3306 et
1320 3238 1402 3308 hde-

278 3347 319 3414 lis
335 3347 439 3412 nostri
455 3353 619 3432 postremo
635 3345 787 3414 obtentus
803 3345 888 3414 idem
901 3347 1047 3415 Ethurub
1062 3347 1208 3415 exhibuit
1217 3399 1227 3433 ,
1250 3347 1336 3414 banc
1348 3367 1404 3416 se·

279 3453 359 3520 riem
375 3453 597 3521 continentes:

386 3561 456 3627 Nos
472 3559 640 3629 Rolcndns
655 3561 827 3631 Palatinus
842 3571 875 3631 ct
891 3563 1008 3631 Comes
1025 3563 1237 3631 Posoniensis
1254 3567 1294 3630 st.

317 3683 510 3756 (Kiivetlrcnik
524 3683 639 3742 Rclcnd
651 3685 741 3743 nidor
753 3686 835 3744 1249.
845 3685 990 3760 chminyu
999 3687 1071 3744 mint
1080 3685 1186 3744 fenebb
1200 3685 1260 3741 188.
1273 3704 1314 3742 sn.
1323 3685 1365 3758 a.)

387 3795 456 3863 Nos
472 3796 568 3879 igitur
580 3797 680 3880 jnstis
697 3797 839 3885 ipsorum
850 3801 1002 3884 precibus
1012 3799 1177 3883 inclinati,
1204 3799 1320 3884 negari
1335 3817 1404 3864 non

282 3902 371 3971 licite
387 3937 431 3950 -
452 3939 498 3950 --
520 3939 564 3951 -
579 3903 790 3972 collacionem
800 3941 844 3954 -
855 3906 958 3990 Regio
974 3907 1129 3975 mandato
1141 3905 1269 3989 ,iactam
1284 3923 1402 3973 secun-

282 4012 358 4079 dum
373 4009 612 4077 continenciam
628 4011 794 4080 literarum
810 4012 1001 4082 dilectorum
1018 4011 1203 4081 ctfidclium
1219 4019 1403 4080 nostrorum
1529 4084 1532 4088 ,

282 4117 432 4204 superius
449 4135 695 4204 expressorum,
716 4119 760 4187 ad
775 4128 965 4208 perpetuam
983 4122 1032 4189 rei
1047 4119 1261 4190 stabilitatem
1277 4120 1405 4189 eisdem

283 4235 316 4295 et
331 4247 390 4313 per
406 4227 495 4313 ipsos
527 4227 596 4292 suis
621 4227 795 4297 heredibus
812 4227 1032 4313 heredumque
1048 4229 1294 4298 successoribus
1310 4225 1405 4295 duri·

283 4353 356 4401 mus
372 4341 483 4403 nostro
500 4333 671 4420 priuilegio
689 4335 938 4404 confimandem.
956 4335 1002 4404 Ut
1017 4337 1117 4421 igitur
1132 4355 1269 4421 presens
1286 4334 1402 4404 confir·

284 4441 386 4506 matio
401 4442 499 4508 robur
514 4433 660 4508 obtinent
685 4451 841 4530 perpetue
866 4443 1054 4528 firmitatis,
1086 4445 1198 4510 literas
1227 4448 1401 4528 presentes

286 4547 320 4611 in
336 4547 553 4615 testimenium
569 4548 711 4634 duplicis
728 4549 827 4636 sigilli
844 4551 947 4617 nostri
963 4552 1140 4619 munimine
1157 4549 1291 4619 fecimus
1308 4551 1405 4618 robo-
