3154 5038
811 225 966 325 ffic-

328 423 420 506 illud,
431 416 792 506 quotlArcluipresbiter
808 416 978 482 confessus
994 416 1103 484 luerat
1113 435 1220 486 coram
1230 420 1337 506 nobis,
1356 431 1454 508 prout

327 527 454 594 lamilie
469 526 549 594 dieti
565 523 720 613 Episcopi
745 521 875 608 publice
899 523 1090 590 testabatur.
1118 525 1187 592 Nos
1212 546 1290 595 vero
1311 529 1451 611 quiade

325 635 439 703 valore
455 633 575 720 lapidis
592 652 656 699 non
673 631 864 714 constabat,
896 628 974 695 licet
999 631 1041 697 de
1065 631 1274 717 simplicitate
1299 638 1356 703 vel
1379 658 1453 722 pre·

326 742 509 828 sumptione
525 736 708 808 huiusmodi
725 737 840 804 luisset
855 737 1000 832 graviter
1014 737 1217 824 arguendus,
1237 741 1404 810 voluimus
1421 753 1452 812 et

326 847 633 935 pronunciauimus,
666 845 752 929 quod
777 843 941 928 quendam
965 850 1070 912 ortum
1095 845 1359 930 patrimonialem
1389 851 1451 917 nub

325 965 414 1024 terra
429 957 542 1024 Sancti
560 953 690 1020 Domnii
706 952 822 1034 situm,
841 949 929 1035 apud
945 949 1102 1019 Sanctum
1122 953 1295 1022 Nicolaum
1320 955 1363 1023 de
1389 957 1450 1022 Ar-

326 1083 384 1130 eua
400 1063 432 1128 iu
449 1059 784 1146 recompensationem
802 1056 938 1142 dampni
965 1057 1050 1124 illati
1075 1057 1271 1127 concederet
1296 1061 1450 1130 Ecclesie

326 1169 439 1238 Sancti
454 1168 594 1252 Domnii,
610 1172 647 1234 ut
669 1165 711 1234 de
727 1186 766 1233 eo
782 1167 816 1232 in
832 1171 1024 1252 perpetuum
1040 1183 1134 1233 suurn
1159 1167 1285 1235 faceret
1309 1171 1387 1236 loco
1412 1173 1448 1237 il-

325 1276 389 1342 lius
405 1275 524 1361 lapidis
540 1275 741 1342 uoluntatem
757 1293 829 1338 cum
846 1291 904 1339 suo
921 1271 1128 1357 beneplacito
1153 1278 1186 1340 et
1210 1293 1358 1343 essenon.
1384 1276 1450 1355 Qui

324 1387 435 1448 nostre
452 1381 611 1448 uoluntati
627 1379 660 1446 in
691 1378 859 1466 presentie
874 1379 988 1465 populi
1004 1379 1189 1464 acquievit,
1222 1389 1254 1448 et
1285 1401 1360 1447 cum
1391 1403 1450 1450 sno

325 1507 487 1557 consensu
502 1493 676 1574 presentes
694 1489 821 1571 litteras
837 1487 939 1554 nostri
965 1486 1066 1571 sigilli
1080 1488 1256 1556 munimine
1269 1489 1449 1560 roboratas

324 1595 389 1684 ipsi
420 1597 568 1664 Ecoleaie
599 1595 751 1662 duximus
777 1593 969 1677 faciendas,
994 1593 1194 1662 absolvendo
1215 1597 1334 1681 ipsum,
1358 1597 1450 1680 quod

323 1702 431 1770 nullus
447 1701 587 1770 eundem
612 1701 665 1770 vel
689 1702 850 1783 aliquem,
877 1701 932 1784 qui
956 1719 1014 1785 pro
1030 1721 1069 1768 eo
1095 1708 1198 1786 esset,
1223 1702 1374 1770 decctero
1403 1707 1448 1771 in-

324 1809 473 1894 quietare
497 1809 604 1894 possit
619 1808 672 1876 uel
688 1807 787 1875 etiam
803 1807 973 1894 impedire.
997 1811 1114 1896 Actum
1130 1809 1165 1876 in
1181 1807 1321 1896 ecclesia
1331 1809 1448 1876 Sancti

322 1917 464 2006 Domnii.
481 1917 601 1983 Testes
621 1915 768 1982 dominun
792 1916 987 1982 Laurentius
1012 1913 1106 1982 Miles
1132 1917 1300 1998 Potestas3
1328 1917 1448 1984 Petrus

323 2023 508 2108 (lerueche,
525 2021 636 2090 Dobre
661 2021 797 2089 Dustize
822 2023 972 2105 Iudices,
998 2031 1031 2088 et
1056 2021 1123 2088 alii.
1155 2023 1196 2088 Et
1221 2041 1281 2106 ego
1307 2021 1448 2108 Oprissa

322 2129 492 2199 Dabrallis
508 2133 713 2200 examinator
728 2150 859 2219 manum
877 2151 981 2196 meam
997 2131 1080 2196 misi.

430 2235 649 2320 EgoAmicns
671 2236 863 2323 *Oapellinus
887 2234 984 2324 (lgy),
1015 2237 1203 2304 Communis
1235 2236 1446 2321 Spalatensis

318 2343 450 2428 juratus
467 2341 641 2426 Notarius,
657 2343 723 2428 hijs
739 2345 870 2412 interfui
887 2346 976 2412 etde
1001 2345 1156 2412 mandato
1182 2343 1305 2440 domiui
1330 2344 1446 2411 Archi—

321 2448 467 2535 episcopi
483 2457 517 2517 et
531 2449 676 2518 eiusdem
692 2452 963 2537 Archipreebiteri
974 2450 1117 2520 Prodaui
1127 2457 1260 2536 rogatus
1275 2452 1400 2537 scripsi
1415 2461 1447 2518 et

323 2564 478 2624 consueto
495 2555 588 2644 signo
605 2560 768 2628 roboravi.
809 2641 810 2644 Ἴ

342 2751 474 2826 (enen
495 2773 535 2812 os.
557 2755 586 2812 a
604 2755 693 2812 nuos
711 2723 891 2815 leverurn'an
903 2754 1045 2814 manae
1064 2755 1165 2814 moeses
1191 2753 1316 2813 mooun
1328 2751 1424 2824 aaa)
