3140 5044
799 305 866 374 844

753 393 900 408 *⁸¹

268 501 457 568 terminatur
472 518 557 582 aque
568 499 738 582 LaposEr
749 497 845 582 diote,
863 505 896 566 et
905 500 951 566 ibi
961 506 1036 567 sunt
1054 507 1301 588 quatuormete;
1317 505 1395 572 hino

268 607 374 678 tendit
387 607 478 674 iuxta
494 606 630 672 eandem
646 625 892 692 aquemuersus
908 609 1077 693 orientem,
1094 610 1149 676 ubi
1165 619 1240 678 sunt
1250 613 1393 696 quinque

270 724 372 800 mete,
388 714 465 782 inde
481 715 573 782 iuxta
589 717 730 782 eandem
746 737 865 801 aquam
881 719 945 785 itur
960 737 1077 786 versus
1094 721 1305 788 orientemad
1314 743 1394 806 pon-

270 833 335 890 tem
351 859 396 870 -
411 845 467 908 -3
493 821 566 888 inde
591 843 704 890 versus
727 824 840 892 villam
857 825 990 894 Karoha
999 826 1212 918 Quini
1229 829 1344 914 Sebus,
1361 837 1397 896 et

269 931 316 998 ibl
332 933 399 998 exit
415 931 457 996 de
474 931 572 1014 villa,
599 930 654 996 nbi
671 939 745 998 sunt
761 939 828 1000 tres
852 941 957 1018 mete,
982 943 1015 1001 et
1030 934 1121 1000 iuxta
1137 938 1258 1003 dietam
1284 940 1393 1004 villam

270 1041 402 1106 Abrahe
418 1041 522 1106 tendit
537 1059 650 1106 versus
661 1039 861 1107 oeoidentem
873 1043 964 1110 iuxta
975 1041 1138 1126 quoddam
1150 1045 1320 1132 fossatum,
1336 1045 1393 1112 ubi

270 1156 345 1216 sunt
359 1151 422 1216 due
437 1155 542 1232 mete,
566 1147 641 1214 inde
657 1151 806 1216 aseendit
821 1150 865 1216 ad
881 1158 1043 1236 stagnum,
1060 1151 1147 1234 quod
1164 1152 1282 1219 dieitur
1306 1159 1392 1236 Agto

270 1293 314 1306 -
330 1289 374 1306 -
390 1291 445 1340 ·-,
462 1266 495 1323 et
509 1275 568 1341 per
584 1254 669 1320 idem
680 1263 831 1339 stagnum
843 1259 934 1325 iuxta
945 1259 1051 1326 dietas
1069 1267 1173 1326 metas
1190 1263 1309 1327 transit
1325 1282 1394 1328 uer-

271 1385 328 1433 sus
345 1364 625 1450 septemtrionem,
655 1365 710 1430 nbi
727 1373 800 1430 sunt
816 1368 879 1432 due
896 1373 1000 1452 mete;
1034 1367 1110 1434 inde
1126 1369 1233 1434 tendit
1248 1367 1291 1436 ad
1310 1369 1393 1436 duas

272 1477 377 1538 metas
393 1478 537 1556 terreus,
563 1471 640 1536 hino
669 1473 818 1539 aseendit
848 1493 963 1558 parum
989 1493 1104 1540 versus
1130 1476 1392 1560 septemtrionem

271 1581 363 1646 iuxta
380 1601 533 1666 magnam
544 1581 641 1662 viam,
659 1581 799 1646 ubieunt
812 1581 874 1646 due
892 1589 998 1666 mete,
1022 1581 1098 1648 hino
1114 1583 1309 1649 -fleotltur
1324 1603 1392 1650 ser-

271 1708 326 1757 sus
342 1689 626 1774 septemtrionem,
658 1689 713 1752 nbi
729 1696 803 1754 suut
819 1687 885 1754 due
902 1698 1004 1774 mete,
1030 1691 1105 1755 hino
1121 1689 1248 1756 venitur
1264 1691 1307 1755 ad
1330 1711 1390 1755 me·

270 1805 322 1865 tus
337 1797 530 1882 priores,'de
547 1796 663 1878 quibus
680 1794 802 1880 inoipit.
828 1798 912 1862 Item
929 1804 1026 1880 prata
1052 1807 1084 1863 et
1101 1817 1187 1880 aque
1203 1799 1256 1863 his
1274 1797 1389 1863 ordini·

271 1907 331 1971 bus
348 1904 559 1988 inchoantur,
593 1904 699 1988 prims
722 1911 809 1968 mela
825 1904 940 1988 inoipit
965 1906 1205 1989 iuxtaterram,
1223 1925 1320 1989 quam
1338 1905 1391 1971 do·

270 2017 378 2082 minus
394 2014 464 2078 Rex
481 2009 587 2078 eidem
604 2009 725 2076 Eturnh
746 2011 890 2086 eontulit,
906 2011 960 2076 ubi
977 2013 1011 2077 in
1026 2021 1121 2098 prato
1138 2021 1189 2079 est
1204 2033 1271 2079 uua
1287 2023 1390 2096 meta,

271 2123 347 2190 hino
361 2127 469 2187 autem
495 2119 557 2183 itur
573 2136 630 2202 per
655 2118 810 2202 paludem
837 2117 928 2184 Keoh
947 2119 989 2184 ad
1006 2119 1088 2186 duas
1105 2129 1221 2204 metas,
1240 2140 1302 2202 que
1319 2128 1390 2186 sunt

274 2231 334 2297 sub
351 2227 447 2294 domo
465 2227 625 2308 Kenosir3
650 2224 723 2290 inde
740 2225 833 2292 vadit
849 2245 962 2292 versus
979 2227 1150 2293 meridiem
1166 2227 1320 2296 adfinem
1339 2247 1389 2292 eu-

270 2335 399 2402 iusdam
415 2333 523 2416 stagni
539 2333 625 2414 Agto
640 2332 768 2416 vocati,
794 2340 826 2399 et
842 2333 887 2398 ibi
904 2335 972 2399 exit
982 2333 1023 2400 de
1038 2333 1238 2418 squaKeoh,
1248 2335 1302 2399 ubi
1318 2342 1390 2401 sunt

271 2443 336 2509 due
352 2447 456 2524 mete,
480 2437 557 2504 iude
574 2437 665 2505 vadit
680 2439 872 2507 iuxtaKeoh
883 2441 1019 2508 adduas
1030 2449 1145 2526 metas,
1162 2443 1237 2508 hine
1248 2442 1390 2508 deKeoh

270 2548 408 2617 flectitur
423 2565 535 2614 versus
547 2545 711 2612 meridiem
723 2567 783 2632 per
793 2547 957 2631 quoddam
968 2549 1121 2634 leuetum,
1140 2555 1173 2614 et
1188 2550 1234 2615 ibi
1245 2551 1390 2616 suntdue

271 2665 371 2743 mete;
395 2657 471 2722 hino
497 2653 586 2721 venit
602 2653 645 2719 ad
668 2661 822 2740 stagnum
837 2657 950 2740 Baros,
966 2657 1057 2724 ouius
1073 2677 1158 2742 aque
1174 2659 1312 2744 puritas,
1329 2677 1389 2741 que

272 2767 394 2854 Gyolos
411 2765 549 2846 dieitur,
575 2765 609 2828 in
624 2765 754 2848 vulgari
782 2767 916 2850 respicit
933 2765 1057 2831 Eturuh
1073 2773 1106 2833 et
1121 2785 1200 2833 suos
1216 2773 1389 2851 cognatos,

270 2875 345 2942 hino
362 2877 425 2942 itur
442 2891 555 2940 versus
571 2871 752 2956 meridiem,
782 2873 838 2938 ubi
854 2873 947 2940 iuxta
962 2895 1116 2959 magnam
1133 2873 1220 2942 viam
1239 2881 1315 2940 sunt
1330 2872 1390 2938 due

271 2990 376 3064 mete,
402 2989 435 3046 et
450 2977 651 3046 transeundo
669 2979 774 3062 ipsam
790 2979 877 3045 uiam
894 2981 1021 3047 venitur
1031 2980 1074 3047 ad
1085 2979 1167 3048 duas
1186 2987 1302 3068 metam
1319 2980 1391 3046 hino

271 3089 472 3156 transeundo
489 3095 644 3170 stagnum
659 3083 752 3152 radit
767 3089 810 3153 ad
821 3086 986 3169 quandam
998 3089 1148 3170 insulam,
1165 3089 1224 3154 ubi
1240 3095 1315 3155 sunt
1330 3086 1390 3153 due

269 3207 379 3283 mete,
403 3197 478 3265 hino
494 3193 695 3264 transeundo
714 3201 866 3279 stagnum
884 3195 1155 3280 vaditadlllogto,
1172 3195 1228 3262 ubi
1245 3195 1390 3263 suntdue

273 3316 377 3394 mete,
401 3307 476 3372 hine
503 3305 621 3371 transit
639 3325 699 3390 per
715 3306 835 3389 Nogto,
854 3311 885 3370 et
901 3305 1007 3372 tendit
1023 3303 1068 3373 ad
1083 3315 1150 3374 tres
1167 3311 1275 3372 metas
1291 3324 1387 3386 angu-

270 3419 367 3500 lares,
386 3435 449 3498 que
465 3416 668 3498 distinguunt
684 3415 768 3480 inter
778 3420 900 3479 terram
910 3415 1103 3498 populorum
1113 3413 1319 3499 Gyurgsnka
1329 3421 1389 3479 ter-

270 3544 339 3591 ram
367 3523 583 3591 cestrensium
609 3521 649 3587 de
675 3521 816 3606 Karena,
844 3528 878 3586 et
892 3526 1012 3589 terram
1030 3521 1187 3607 Ethnruh,
1204 3541 1245 3588 ae
1262 3541 1390 3588 suorum

272 3636 501 3716 cognatorum,
519 3629 594 3694 hino
610 3630 773 3696 transiens
790 3627 898 3712 Nogto
910 3647 1023 3696 versus
1047 3629 1313 3715 septemtrionem
1328 3630 1389 3693 itur

271 3739 315 3806 ad
331 3745 482 3822 stagnum
499 3737 638 3821 Megeto,
655 3737 710 3802 ubi
721 3736 1293 3821 versnsGurgsulrasuntduemete;
1317 3735 1391 3801 hino

270 3863 385 3912 versus
402 3843 667 3932 septemtrionem
683 3846 812 3910 venitur
827 3843 871 3912 ad
887 3846 1053 3927 quandam
1067 3845 1218 3928 insulam,
1235 3845 1293 3911 nbi
1313 3849 1385 3911 sunt

269 3963 337 4020 tres
354 3959 440 4019 mete
467 3955 662 4036 angulares,
686 3972 749 4035 que
774 3952 977 4036 distinguunt
1006 3953 1112 4038 ipsam
1127 3958 1249 4018 terram
1265 3971 1286 4017 a
1302 3958 1389 4020 terra

270 4060 384 4130 Buzad
401 4067 433 4126 et
458 4061 648 4146 populorum
673 4061 715 4125 de
731 4059 928 4146 Gurgsuka3
955 4059 1030 4126 inde
1053 4061 1147 4127 vadit
1173 4059 1216 4125 ad
1236 4067 1387 4145 stagnum

269 4173 381 4254 Baros,
405 4169 491 4254 quod
507 4169 639 4254 respioit
655 4169 766 4236 Buzud
782 4169 973 4255 predictum,
990 4176 1078 4236 terra
1104 4187 1180 4235 vero
1197 4191 1217 4234 a
1233 4174 1327 4252 parte
1341 4168 1386 4234 in·

269 4279 379 4344 seriori
405 4276 549 4345 eiusdem
581 4278 689 4364 stagni
714 4284 860 4345 remanet
884 4276 925 4346 de
947 4277 1022 4361 jure
1048 4275 1191 4342 Ethuruh
1210 4281 1242 4342 et
1256 4294 1387 4344 suorum

270 4391 498 4469 cognatorum
523 4383 599 4453 inde
621 4383 726 4452 tendit
742 4385 785 4453 ad
800 4407 900 4454 unum
916 4386 1081 4472 angulum,
1098 4383 1187 4452 etde
1204 4384 1326 4467 angulo
1343 4381 1386 4450 ad

272 4501 424 4575 stagnum
438 4495 533 4577 Agto,
561 4495 616 4560 ubi
633 4495 886 4560 conterminantur
896 4500 990 4578 prato
1001 4497 1108 4563 Ponse
1120 4493 1151 4576 l?
1162 4489 1297 4576 Pouse);
1313 4491 1387 4558 inde

273 4617 386 4666 versus
403 4599 589 4681 aquilonem
610 4601 653 4668 ad
680 4609 831 4686 stagnum
846 4601 955 4668 Aluan
964 4650 973 4684 ,
1003 4595 1035 4668 et
1053 4602 1098 4668 ibi
1114 4608 1189 4667 sunt
1206 4609 1272 4668 tres
1288 4605 1389 4685 mete,
