3184 5064
242 485 330 552 netis
347 491 381 550 et
396 483 567 567 piscatura
582 500 621 546 ao
639 482 715 549 aliis
741 481 846 548 eniam
864 473 1092 564 pertinenciis,
1120 471 1207 538 sicut
1223 463 1370 553 posside-

243 594 341 659 batur
357 611 378 657 a
394 590 643 676 possessoribus
659 589 823 675 prioribus
843 582 1052 672 supradietis,
1063 584 1243 648 memorato
1260 595 1372 646 mona·

242 699 344 769 sterio
361 719 420 783 pro
438 696 546 765 salute
564 697 812 765 karissimorum
829 698 1001 779 parentum
1016 697 1141 756 nostror
1149 709 1204 755 um
1214 692 1248 753 et
1258 691 1374 753 nostra

243 807 407 891 dedimus,
424 805 622 871 tradidimus
640 811 671 872 et
689 804 898 886 donauimus,
924 801 1087 867 accolam
1104 817 1163 882 per
1180 795 1372 879 magistrum

242 915 459 984 Benedictum
477 915 553 982 aule
570 921 681 982 nostre
694 909 1035 982 Vioe-Ganoellarium
1047 906 1186 974 fecimus
1203 901 1371 994 asignari3

244 1024 406 1092 addentes
424 1022 538 1106 eciam,
562 1023 650 1116 quod
666 1023 699 1088 in
717 1027 827 1089 monte
845 1017 1003 1086 existenti
1036 1015 1122 1100 (igy)
1140 1015 1174 1081 iu
1191 1015 1306 1082 eadem
1324 1012 1372 1078 in·

243 1131 318 1199 sula
334 1131 533 1198 venerabilis
549 1137 643 1216 pater
660 1131 770 1197 Funus
787 1137 864 1194 tuno
881 1122 967 1213 (igy)
980 1125 1095 1192 Abbas
1112 1124 1191 1191 dicti
1208 1131 1370 1192 monaste-

243 1241 284 1308 rii
302 1247 447 1308 castrum
463 1261 522 1308 seu
548 1240 765 1308 municionem
790 1239 861 1306 fieri
877 1237 979 1303 faciat
994 1255 1052 1320 pro
1077 1235 1186 1319 Regni
1200 1235 1372 1303 commodo

245 1356 278 1414 et
295 1349 410 1428 tutela,
427 1353 462 1414 vt
479 1349 508 1415 si
525 1349 708 1434 contingat,
720 1349 809 1432 quod
825 1353 958 1415 auertat
973 1341 1143 1429 Dominus,
1156 1343 1243 1412 idem
1259 1343 1374 1411 Abbas

245 1457 298 1524 vel
316 1455 367 1523 sui
383 1475 593 1525 successores
610 1463 744 1544 propter
774 1457 837 1523 Dei
854 1473 1000 1522 amorem
1026 1453 1174 1539 recipere
1195 1453 1324 1538 possint
1340 1460 1374 1518 et

246 1562 391 1633 debeant
416 1563 592 1652 adipeam
620 1566 839 1634 municionem
866 1565 1074 1632 declinantes
1101 1582 1123 1628 a
1148 1561 1236 1632 lacie
1264 1581 1373 1648 perse·

248 1673 421 1756 quenoium
438 1675 664 1742 Tartarorum.
688 1675 730 1740 Et
747 1682 782 1742 rt
800 1673 988 1762 predictum
1020 1671 1257 1739 monasterium
1272 1671 1375 1757 plena

246 1787 279 1848 et
293 1781 435 1868 pacifica
452 1783 539 1850 dicte
559 1783 667 1850 insule
692 1783 904 1868 possessione
930 1779 1075 1864 gaudeat
1100 1780 1275 1864 corporali,
1300 1800 1374 1864 pro·

244 1891 391 1958 misimus
408 1891 515 1958 eidem
539 1893 650 1958 Fauna
667 1891 790 1958 Abbati
806 1893 895 1962 bona
911 1890 987 1976 fide,
1003 1889 1219 1972 sineiraude,
1246 1890 1374 1974 absque

247 1999 316 2068 vlla
331 1999 566 2084 inquietudine,
585 2001 691 2086 ipsum
708 2009 740 2066 et
756 2020 834 2070 suos
854 2019 1074 2081 successores,
1092 2021 1154 2068 nee
1170 2020 1235 2068 non
1251 1999 1373 2070 dictum

245 2109 480 2178 monasterium
496 2108 530 2176 iu
545 2109 689 2196 pacifica
704 2110 918 2193 possessione
935 2109 1019 2176 dicte
1036 2110 1146 2176 insule
1162 2127 1369 2191 conseruare,

248 2235 321 2284 cum
348 2217 473 2285 dictum
499 2220 733 2286 monasterium
760 2219 804 2285 sit
831 2217 959 2285 Corone
985 2225 1096 2286 nostre
1123 2218 1281 2304 speciale,
1307 2237 1372 2286 non

248 2323 401 2390 obstante
417 2325 589 2410 priuilegio
607 2326 640 2391 in
658 2326 748 2395 lacto
766 2326 867 2394 alicui
883 2327 1046 2396 Beronum
1073 2333 1258 2394 nostrorum
1275 2345 1374 2410 super

248 2430 432 2500 collacione
457 2433 563 2514 insule
589 2435 740 2519 superius
766 2441 964 2514 memorate,
990 2434 1081 2519 quod
1106 2453 1180 2502 esse
1207 2439 1377 2501 cassatum

247 2539 376 2623 penitus
393 2545 426 2606 et
442 2539 540 2608 inane
565 2544 769 2628 presencium
795 2543 981 2612 testimonio
1008 2543 1205 2629 profitemur.
1231 2546 1268 2606 In
1286 2539 1376 2612 cuius

246 2645 295 2712 rei
310 2645 501 2716 memoriam
526 2657 560 2716 et
576 2651 783 2719 euidentiam
811 2652 994 2738 pleniorem
1014 2658 1186 2737 presentes
1213 2651 1376 2720 concessi·

247 2773 319 2822 mus
335 2755 464 2824 litteras
481 2758 623 2844 duplicis
641 2759 744 2845 sigilli
761 2764 867 2830 nostrl
893 2762 1073 2830 munimine
1097 2761 1282 2830 roboratas.
1312 2760 1375 2826 Da·

247 2871 313 2932 tum
329 2884 388 2950 per
405 2886 520 2934 manus
537 2869 686 2954 magistri
701 2869 872 2938 Benedicti
889 2869 964 2939 aule
981 2877 1093 2940 nostre
1111 2869 1378 2938 Vico-(lancella-

247 2971 288 3038 rii
301 2989 388 3040 anno
405 2971 537 3041 Domini
553 2974 711 3043 MOOLX.

410 3163 555 3238 (Eredetie
569 3183 586 3222 a
598 3167 817 3227 suentmdrtoni
829 3167 987 3251 idapdtsdg
1000 3174 1222 3247 levdltdrdban.)
