3140 5044
621 269 781 372 jug—

141 465 298 554 Episcopi
314 481 451 550 presens
469 461 631 546 extiterit,
655 483 714 550 pro
724 461 908 530 huiusmodi
922 463 1111 550 recipienda
1125 461 1264 549 pecunia

140 579 173 639 et
188 573 330 640 scienter
353 591 419 638 uon
443 569 539 637 fuerit
556 572 734 655 persoluta,
755 588 815 656 per
831 570 999 638 Ecclesiae
1014 575 1069 636 tue
1083 567 1260 654 provincie,

139 679 197 748 ubi
221 677 378 765 expedire
402 675 541 761 uideris,
573 685 606 743 st
620 675 653 742 in
680 675 780 742 Curia
810 675 971 743 carissimi
996 677 1028 742 iu
1045 674 1174 744 Christo
1204 671 1263 740 filii

139 786 274 855 nostri.
298 835 307 852 .
332 833 340 852 .
364 785 506 853 Illustris
531 785 631 870 Regis
656 785 803 869 Ungarie
818 786 939 852 dictam
955 781 1261 852 excommnuicatio-

39 899 41 904 “
138 894 191 961 nis
215 893 410 961 sententIem
447 893 661 976 solempniter
685 893 876 978 publicans,
908 891 1031 958 dIctum
1061 890 1261 978 Episcopum

138 1000 522 1084 Quinqueecclesieusem
538 1009 571 1066 et
596 999 774 1084 quemlibet
799 999 919 1084 alium,
947 999 1003 1083 qui
1028 997 1179 1072 Ecclesie
1195 998 1261 1064 iarn

138 1106 227 1186 dicte
243 1108 418 1195 prefuerit,
458 1108 755 1175 excommunicatos
785 1107 917 1193 publice
942 1106 1079 1174 nuncies
1104 1112 1138 1173 ct
1154 1103 1259 1172 iacias

138 1216 306 1293 nunciare,
323 1219 356 1280 et
370 1213 601 1280 nichilominus
617 1213 817 1281 auctoritate
831 1219 957 1298 nostra,
973 1213 1196 1299 appellatione
1211 1231 1260 1278 re·

139 1329 228 1390 mota
252 1321 433 1408 compellas
457 1321 589 1388 eosdem
614 1321 659 1388 sd
684 1319 952 1388 satisfaciendum
977 1319 1128 1406 sepefato
1153 1319 1190 1385 Β.
1206 1319 1259 1388 vel

139 1431 244 1516 ipsIus
261 1436 348 1496 certo
374 1429 491 1496 nuncIo
508 1429 550 1494 de
565 1427 717 1512 dampnis
734 1435 767 1494 et
782 1429 937 1513 expensis
952 1447 992 1493 eo
1007 1427 1178 1512 interesse,
1195 1445 1260 1510 que

139 1540 314 1604 occasione
330 1536 476 1604 delectus
492 1536 663 1603 solutionis
685 1535 833 1602 eiusdem
848 1535 955 1621 ipsum
966 1535 1197 1606 B.oonstiterit
1211 1536 1258 1601 in-

138 1645 273 1716 curisse.
290 1645 363 1712 Non
380 1645 541 1728 obstante,
559 1645 589 1710 si
604 1643 710 1710 eidem
737 1643 902 1730 Episcopo
917 1641 1260 1730 Quinqucecclesieusi

138 1761 190 1820 est
205 1752 366 1820 indultum
384 1747 452 1838 (vel
479 1753 726 1819 successoribus
743 1752 813 1818 eius
830 1752 993 1838 indulgeri
1008 1753 1051 1819 ab
1067 1753 1260 1838 Apostolica

139 1863 225 1929 Sede
235 1861 424 1946 contigerit,
448 1859 533 1943 quod
545 1858 704 1944 interdici,
729 1859 887 1944 suspendi
903 1862 957 1927 vel
986 1855 1258 1931 excommunicari

137 1988 202 2035 non
218 1969 347 2054 possint
362 1987 422 2053 per
438 1968 566 2034 litteras
591 1953 803 2054 ¹Apostolicas
819 1987 885 2034 nou
902 1967 1061 2036 iacientes
1075 1969 1208 2054 plenam
1224 1973 1258 2034 et

138 2095 328 2162 expressum
345 2075 386 2143 de
406 2075 531 2140 indulto
546 2073 730 2142 huiusmodi
739 2075 946 2160 mentionem,
963 2075 1176 2160 cntqualibet
1190 2073 1258 2141 alia

137 2182 225 2250 dicte
240 2183 335 2251 Sedis
359 2183 564 2268 indulgentia
589 2180 777 2267 specialiter
792 2183 846 2248 vel
862 2185 1063 2266 generaliter
1079 2182 1257 2269 impetrata

136 2293 189 2358 vel
206 2292 306 2358 etiam
332 2289 539 2375 impetranda
564 2291 782 2373 cuiuscunque
799 2289 901 2357 forme
918 2293 971 2358 uel
986 2291 1108 2358 tenoris
1125 2292 1255 2374 existet,

40 2393 45 2402 '
135 2419 195 2485 per
210 2419 307 2484 quam
324 2398 507 2465 huiusmodi
532 2398 729 2484 provisionis
746 2404 778 2462 et
793 2398 1033 2468 constitutionis
1049 2397 1183 2466 effectus
1199 2397 1255 2466 im-

135 2507 240 2592 pediri
255 2508 383 2584 relect,
407 2506 462 2573 rel
478 2505 584 2574 eidem
600 2506 633 2571 in
650 2501 776 2593 ailquo)
793 2505 954 2592 derogari.
974 2507 1129 2574 Volumus
1145 2506 1256 2589 itaque

135 2619 170 2678 ut
185 2619 326 2681 vacante
342 2613 429 2680 Sede
454 2613 674 2698 StrIgoniensi
689 2614 743 2682 vel
758 2613 894 2680 absente
919 2611 1174 2699 Archicpiscopo
1189 2632 1254 2678 nra

135 2722 194 2806 ior,
212 2723 268 2806 qui
283 2719 380 2789 fuerit
395 2722 429 2788 iu
454 2722 672 2808 Strigoniensi
697 2719 859 2805 Ecclesia,
877 2721 1064 2788 mandatum
1080 2719 1255 2807 superbiis

134 2829 362 2915 Apostolicum
383 2835 575 2914 exequetur.
601 2830 724 2895 Datum
740 2828 843 2897 Asisii
859 2829 948 2895 VIII.
965 2827 1043 2896 Idus
1060 2829 1141 2895 llaii
1156 2823 1254 2912 (Pou-

134 2933 275 3005 tificatus
290 2934 408 3024 nostri)
424 2957 511 3004 anno
528 2935 663 3004 decImo.

233 3110 292 3182 (IV.
307 3112 393 3170 Inone
406 3109 483 3186 ptps
495 3108 681 3186 Reg'eetlibol
695 3111 820 3170 Thsiner
833 3111 869 3168 id.
884 3128 921 3168 m.
933 3109 955 3166 I.
969 3111 1028 3167 kot.
1042 3111 1106 3168 220.
1121 3111 1154 3184 l.)

571 3413 830 3426 *aaa
