3220 5058
801 275 845 341 14

263 495 331 559 sno,
348 474 474 542 scilicet
490 473 535 540 Vl
549 473 734 539 mansiones
750 489 908 554 cocorum,
934 489 1068 554 quorum
1085 472 1219 538 nomina
1235 480 1309 540 sunt
1324 474 1385 543 hec

265 583 365 669 Oopo,
380 583 490 663 Bene,
507 580 623 664 Jacob,
642 578 745 664 Oeke,
761 578 816 661 qui
834 597 909 644 curn
924 576 1000 645 filiis
1016 583 1049 644 et
1066 580 1213 662 cognatis
1230 587 1263 644 et
1279 591 1388 666 pretor

264 689 417 775 paruulos
433 695 508 756 sunt
523 689 568 755 VI
582 687 780 756 mansiones.
812 683 855 752 Et
873 685 907 752 in
923 685 1038 754 eadem
1055 685 1136 753 villa
1151 694 1227 754 sunt
1242 689 1386 760 seruien-

264 807 315 867 tes
331 798 556 883 equestresVI
570 796 756 864 mansiones
772 803 882 881 preter
896 796 1061 879 paruulos,
1077 796 1132 879 qui
1149 816 1262 864 omnes
1277 805 1388 866 tenen·

267 915 320 975 tur
334 938 853 956 ---------
869 909 902 972 et
926 905 982 998 isti
1005 903 1128 998 habent
1152 907 1288 972 terciam
1312 926 1386 990 par·

265 1025 331 1084 tem
346 1022 432 1083 terre
447 1013 592 1082 eiusdem
607 1011 773 1100 Oopulcho
789 1014 823 1080 in
839 1010 937 1098 agris,
948 1012 981 1077 in
992 1010 1096 1096 siluis,
1106 1013 1139 1077 in
1151 1011 1287 1098 senetis3
1306 1015 1387 1082 etin

266 1123 382 1190 eadem
407 1127 495 1190 terra
519 1130 570 1190 est
594 1143 694 1190 unum
715 1121 935 1190 molendinum
951 1120 1099 1188 Ecclesie
1115 1139 1215 1204 snpra
1230 1121 1393 1190 molendi-

265 1249 340 1298 num
355 1230 545 1298 monasterii
561 1227 602 1296 de
617 1229 746 1297 Almcd.

221 1387 224 1396 .
371 1339 408 1404 In
439 1336 552 1424 predio
567 1335 683 1403 albu
707 1334 931 1404 libertinorum
947 1375 990 1386 -
1020 1371 1064 1384 -
1099 1373 1136 1384 --
1170 1373 1214 1386 -
1232 1337 1384 1405 nomina:

265 1441 424 1529 stephan,
439 1444 543 1530 Oymu
552 1493 562 1528 ,
584 1477 630 1491 --
651 1479 713 1528 -,
746 1442 857 1528 (ibon,
873 1442 1011 1527 Pentuc,
1030 1443 1085 1527 qui
1101 1463 1173 1510 cum
1188 1463 1250 1512 sua
1267 1465 1386 1530 cogna-

265 1553 357 1620 otone
372 1557 482 1638 preter
497 1553 652 1636 paruulos
677 1557 709 1617 et
733 1549 867 1617 iuuenes
893 1556 968 1617 sunt
987 1552 1121 1636 triginta
1137 1553 1275 1635 quinque
1292 1573 1386 1618 man-

265 1660 395 1744 siones,
412 1661 467 1744 qui
483 1662 659 1727 secundum
675 1657 895 1728 assercionem
910 1658 1098 1726 eorumdem
1114 1657 1234 1726 debent
1249 1660 1329 1726 dare
1345 1657 1386 1726 de

265 1765 408 1854 quolibet
431 1785 546 1833 manso
567 1763 770 1835 monasterio
795 1767 963 1833 annuatim
980 1765 1147 1832 dimidium
1170 1765 1338 1850 fertonem,
1355 1773 1388 1833 et

264 1874 385 1942 debent
395 1894 570 1961 procurare
581 1874 744 1943 Abbatem
760 1891 831 1939 cum
847 1891 910 1938 sua
920 1870 1046 1940 familia
1057 1872 1226 1942 annuatim
1235 1908 1334 1921 -·-
1343 1909 1387 1920 —

261 1983 349 2050 ¹boue
364 1983 483 2049 trienni
499 1987 532 2050 et
546 1982 623 2049 aliis
638 1981 838 2050 necessariis
854 1980 899 2046 ad
913 1979 1167 2064 sufficiendum,
1193 2001 1288 2065 quam
1309 1999 1388 2067 pro-

266 2089 492 2175 curacionem,
517 2089 548 2158 si
562 2089 675 2156 Abbas
700 2109 764 2157 non
789 2089 970 2157 descendat
985 2091 1075 2174 apud
1092 2108 1149 2156 eos
1165 2125 1210 2136 -
1225 2125 1270 2138 -
1284 2125 1329 2138 -
1343 2123 1388 2137 --

267 2197 311 2266 ad
335 2199 575 2266 monasterium.
606 2199 688 2265 Item
714 2195 871 2282 colligunt
889 2195 997 2263 tenum
1013 2199 1210 2266 monasterio
1225 2234 1270 2246 -
1285 2233 1329 2245 -
1343 2233 1388 2246 -

266 2341 311 2354 -
326 2341 369 2353 -
385 2341 430 2354 -
444 2341 488 2352 -
502 2313 535 2374 et
549 2305 612 2374 hec
627 2305 709 2376 villa
724 2307 899 2373 secundum
916 2323 1119 2372 communem
1145 2305 1389 2373 consideracio-

266 2433 341 2480 nem
355 2413 532 2481 uicinorum
546 2414 649 2482 habet
665 2423 784 2482 terram
799 2412 844 2483 ad
859 2413 891 2478 X
908 2419 1018 2481 aratra
1036 2434 1109 2481 cum
1126 2413 1273 2500 pluribus
1294 2413 1388 2480 metis

268 2521 513 2607 circumdatam,
524 2527 618 2590 otest
633 2521 875 2590 conterminalis
885 2541 957 2588 cum
969 2522 1033 2588 hiis
1043 2520 1141 2605 villis,
1153 2519 1388 2604 scilicetBech‚

266 2623 378 2714 Veod,
395 2631 526 2696 Tarcan
541 2665 586 2678 -·
600 2667 644 2678 -
659 2667 703 2678 -
720 2651 797 2698 uero
814 2630 1028 2698 commetanei
1039 2635 1112 2696 aunt
1129 2629 1388 2716 populiRegine.

375 2737 422 2804 In
446 2736 834 2807 eodemOomitatu
858 2735 1141 2805 deZalaiuxtu
1156 2735 1286 2804 fluuium
1303 2735 1389 2802 eius·
1487 2767 1490 2772 ·

268 2841 343 2910 dem
358 2846 499 2912 nominis
514 2881 796 2895 -----
812 2853 845 2912 et
870 2847 956 2912 ultra
973 2851 1105 2930 pontem
1122 2845 1223 2911 habet
1238 2843 1390 2911 Ecclesia

269 2952 382 3020 Sancti
406 2952 536 3019 Martini
560 2960 664 3021 terras
687 2955 721 3020 in
745 2953 870 3020 duobus
894 2953 976 3021 loeis
992 2973 1033 3020 ex
1049 2951 1131 3020 citra
1147 2957 1242 3039 parta
1257 2957 1387 3036 septua-

269 3059 361 3146 ginta
376 3058 490 3142 iugera
505 3059 550 3126 fin
549 3095 831 3110 -----
846 3081 971 3147 pascua
996 3067 1029 3128 et
1054 3081 1188 3128 nemora
1204 3059 1388 3128 communia

268 3187 343 3235 cum
358 3167 522 3234 nobilibus
538 3168 709 3254 nepotibus
725 3167 852 3236 scilicet
867 3167 973 3254 Heym
988 3175 1020 3235 et
1034 3168 1158 3236 Herruz
1184 3174 1218 3235 et
1241 3165 1338 3252 tiliis,
1357 3172 1391 3235 et

267 3277 353 3343 ultra
370 3295 441 3344 cum
457 3275 606 3344 ciuilibus
621 3277 663 3342 de
679 3276 762 3344 Zela
777 3281 810 3342 et
825 3295 899 3343 cum
914 3276 1045 3360 populis
1064 3275 1253 3344 monasterii
1277 3273 1390 3341 Sancti

270 3383 449 3472 Guthardi3
466 3392 575 3473 preter
590 3404 714 3470 pascua
738 3393 772 3452 et
794 3403 930 3450 nemora
946 3390 979 3450 ot
994 3384 1191 3470 campestria
1205 3383 1305 3450 habet
1327 3389 1391 3450 tre-

270 3499 366 3560 centa
380 3491 496 3577 iugera
511 3494 653 3562 arabilis
668 3500 702 3559 et
716 3492 860 3560 fenetum
872 3491 915 3558 cd
925 3489 1008 3558 XIII
1018 3490 1141 3578 iugera,
1158 3497 1191 3558 et
1205 3492 1307 3558 habet
1321 3509 1389 3557 ser·

268 3617 329 3664 uos
344 3603 491 3667 aratores
507 3607 541 3667 et
555 3601 712 3668 rinitores
727 3601 773 3666 VI
788 3601 975 3667 mansiones
994 3617 1067 3666 cum
1086 3596 1161 3665 filiis
1178 3603 1211 3665 et
1227 3597 1388 3684 cognatis,

270 3723 404 3789 quorum
418 3708 551 3779 uomina
566 3716 640 3776 sunt
655 3706 735 3774 heo:
752 3707 859 3792 Pooh,
876 3708 1027 3795 Fenyes,
1043 3707 1180 3792 duanae,
1198 3703 1390 3787 Golombud,
1431 3727 1437 3738 ·

270 3811 366 3898 ulto,
383 3813 534 3882 Herimus
545 3813 601 3900 (¹3).

378 3924 417 3990 ln
439 3925 553 4010 predio
577 3921 800 4008 Weynnch
824 3919 886 3988 hec
910 3928 987 3988 sunt
1010 3921 1142 3989 nomina
1174 3923 1389 4008 piscatorum:

270 4029 372 4114 Poch,
389 4031 498 4118 Gaalt,
514 4033 602 4118 Ibus,
618 4031 760 4116 Ekeshe,
775 4030 890 4114 Jacob,
914 4063 954 4076 -
972 4032 1079 4116 talus,
1095 4033 1152 4115 qui
1170 4051 1241 4097 oum
1261 4047 1321 4098 sna
1339 4047 1392 4095 oo·
1440 4065 1442 4069 2

271 4138 431 4226 gnacione
444 4145 556 4226 preter
570 4139 725 4226 paruulos
742 4144 774 4204 et
789 4139 925 4205 iuuenes
942 4142 1017 4204 sunt
1032 4138 1243 4224 septuaginta
1252 4135 1393 4204 mansio-

271 4267 351 4334 nes3
368 4255 401 4316 ct
416 4248 472 4316 isti
486 4248 636 4316 tenentur
652 4247 699 4314 ire
715 4247 749 4312 in
765 4245 1026 4314 carinaAbbatis
1038 4267 1110 4313 cum
1124 4265 1258 4312 numero
1274 4264 1392 4330 perso·

271 4373 385 4424 narum
400 4357 445 4425 ad
458 4357 627 4426 arbitrium
644 4353 913 4424 dominiAbbatis
930 4373 1032 4440 vsque
1047 4353 1272 4440 odZigethiey
1288 4354 1322 4418 in
1338 4370 1394 4417 ex-

272 4465 384 4550 pensis
399 4465 539 4534 Abbatis
555 4464 697 4550 regendo
722 4463 866 4532 totaliter
892 4460 983 4549 ipsas
1008 4463 1157 4546 carinas,
1182 4469 1215 4529 et
1240 4460 1393 4544 quamdiu

272 4573 319 4640 ibi
334 4575 486 4663 existunt,
503 4573 610 4644 officia
626 4583 796 4643 nautarum
812 4579 983 4657 exercent3
1000 4573 1056 4640 vbi
1072 4589 1150 4640 uero
1167 4569 1297 4639 carinas
1314 4587 1393 4638 suas
