3154 5030
707 827 764 898 5¹.

174 1007 234 1074 IX.
251 1005 385 1094 Gerpeiy
405 1009 497 1096 popa
521 1029 543 1072 a
568 1005 693 1096 bclpetsi
717 1005 836 1072 labor-st
861 1003 1058 1073 atkatnooat
1072 1005 1096 1070 1
1098 1005 1133 1071 V.
1150 1001 1233 1078 Belo
1248 1001 1298 1070 1ιί-

181 1159 186 1172 ·
227 1115 314 1201 rdlpt
329 1135 368 1179 aa
383 1115 518 1202 apostoli
533 1115 605 1182 ezelo
620 1115 751 1180 mutones
760 1111 957 1204 pcrtsopdea
971 1114 1028 1179 ciet
1042 1114 1133 1180 υοεεί.
1154 1111 1253 1176 1238.

284 1311 461 1398 Gregorius
477 1311 664 1396 Episcopus
685 1317 746 1378 etc.
773 1309 943 1379 carissimo
960 1310 993 1377 in
1010 1309 1139 1376 Christo
1154 1307 1222 1374 lilio
1239 1355 1246 1374 .
1264 1355 1272 1372 .
1290 1353 1299 1372 .

174 1419 300 1488 illustri
314 1419 399 1504 Regi
415 1416 562 1502 Ungarie
581 1419 720 1486 salutem
747 1425 808 1486 etc.
830 1419 914 1486 ¹Cum
942 1417 983 1485 de
1006 1415 1139 1504 superni
1163 1413 1300 1502 disposi-

176 1529 266 1594 tione
283 1526 411 1593 consilii
437 1527 481 1592 ad
500 1527 784 1593 commonitionem
800 1533 944 1606 nostram
962 1525 1151 1594 fortitudine
1167 1525 1299 1610 spiritus

175 1635 354 1715 roboratus,
373 1640 485 1700 contra
500 1639 630 1718 gentem
647 1633 891 1720 apostatricem,
902 1635 1059 1720 populum
1068 1633 1298 1718 blaspheman-

174 1751 253 1827 tem,
270 1741 425 1808 beriticos
443 1739 598 1807 videlicet
614 1747 647 1806 et
664 1743 870 1807 scismaticos
886 1751 971 1806 terre
986 1741 1117 1823 Assani,
1137 1759 1177 1804 ec
1193 1741 1300 1825 ipsum

176 1852 351 1933 Aesopum,
362 1849 529 1934 negotium
546 1849 809 1934 prosequendum
827 1849 1045 1934 personaliter
1061 1846 1194 1913 duxeris
1210 1865 1300 1912 assu·

175 1959 339 2042 mendum,
356 1957 432 2039 quia
449 1955 673 2023 iustoiudicio
691 1958 823 2023 celestis
840 1957 1052 2042 Imperatoris
1069 1951 1236 2038 obsequiis
1253 1954 1300 2019 in·

175 2067 329 2132 herentes
346 2065 482 2152 speciali
500 2067 595 2132 decet
610 2067 821 2150 prerogativa
837 2065 1065 2150 gauderemus
1081 2060 1300 2143 attendentes,

176 2175 263 2258 qnod
279 2175 313 2240 in
329 2193 428 2241 manu
443 2175 531 2240 illius
547 2172 694 2258 disponis
711 2175 820 2242 omnia
837 2173 1021 2258 dimittere,
1045 2173 1099 2257 qui
1115 2171 1175 2238 tibi
1191 2175 1300 2237 contn-

175 2283 215 2350 lit
230 2282 394 2364 universe,
411 2301 597 2366 personam,
608 2283 757 2367 Regnum
774 2287 807 2346 et
823 2281 932 2348 omnia
947 2281 1035 2347 bona
1052 2287 1118 2362 tua,
1129 2287 1302 2366 postquem

174 2397 207 2456 te
224 2387 406 2455 succinxeris
423 2388 466 2454 ad
482 2389 669 2475 hujusmodi
686 2391 853 2473 negotium
870 2389 1114 2473 exequendum,
1140 2387 1200 2454 sub
1226 2405 1302 2473 pro·

175 2497 318 2564 tectione
334 2498 432 2564 Beati
447 2497 535 2563 Petri
552 2503 585 2563 et
600 2503 714 2564 nostra
736 2499 950 2583 suscipimus,
978 2503 1011 2564 et
1034 2496 1200 2584 presentis
1226 2495 1304 2561 scri-

175 2606 223 2693 pti
238 2605 422 2691 patrocinio
438 2607 691 2690 communimus,
718 2613 918 2684 statuentes,
944 2614 979 2673 ut
1004 2611 1121 2671 extunc
1138 2603 1305 2672 eaomnia

175 2715 236 2780 sub
252 2713 392 2800 speciali
408 2715 596 2800 Apostoliec
613 2715 710 2782 Sedis
728 2723 761 2781 et
775 2722 889 2782 nostra
904 2713 1093 2780 defensione
1110 2713 1302 2797 consistant,

175 2822 279 2888 donec
304 2822 345 2888 de
372 2825 428 2888 tuo
452 2821 558 2888 reditu
574 2825 628 2890 vel
645 2825 735 2890 obitu
752 2825 935 2892 certissime
960 2829 1186 2907 cognoscatur.
1212 2821 1303 2888 Nulli

175 2949 252 3013 ergo
270 2935 332 2996 etc.
349 2935 459 2996 nostre
475 2931 687 3016 protectionis
705 2937 738 2998 et
754 2931 995 2999 constitutionis
1012 2937 1071 2997 etc.
1105 2929 1141 2998 Si
1157 2929 1229 3013 quis
1245 2948 1301 2994 eu·

174 3043 240 3102 tem
257 3043 318 3102 etc.
347 3033 470 3101 Datum
487 3037 638 3132 Anagnis
653 3037 692 3103 V.
710 3035 818 3126 (idus)
833 3039 972 3124 Augusti
982 3090 991 3125 ,
1017 3037 1229 3106 Pontificatus
1245 3057 1302 3104 no·

175 3141 235 3208 stri
256 3164 343 3212 anno
360 3141 561 3213 duodecimo.

283 3249 322 3315 In
338 3268 367 3316 e.
383 3250 405 3315 l.
424 3273 467 3318 m.
485 3300 493 3317 .
510 3302 517 3318 .
537 3301 544 3318 .
569 3253 829 3342 Archiepiscopo
854 3255 1074 3341 strigoniensi
1094 3261 1127 3323 et
1144 3304 1151 3318 .
1170 3299 1178 3317 .
1196 3302 1204 3317 .
1222 3252 1303 3338 Epi-

175 3377 276 3444 scopo
293 3359 454 3427 Watiensi
470 3380 572 3446 nsque
590 3371 814 3450 cognoscatur.
832 3364 978 3450 Ideoque
993 3364 1208 3449 mandamus;
1226 3381 1303 3444 qua-

176 3473 272 3532 tenus
289 3465 438 3532 eundem'
446 3469 568 3554 Regem
595 3492 660 3538 non
684 3457 882 3557 permittatis
909 3477 1022 3538 contra
1042 3469 1254 3556 protectionis
1271 3474 1304 3536 et

176 3573 420 3642 constitutionis
437 3583 580 3644 tenorem
597 3598 697 3663 snper
711 3580 879 3664 premissis
906 3569 948 3646 ab
974 3579 1138 3663 aliquibus
1158 3577 1303 3645 indebite

177 3679 356 3764 molestari,
374 3683 602 3753 molestatores
619 3693 682 3754 ete.
699 3687 820 3753 Datum
836 3687 988 3774 Anagnis
1004 3689 1042 3756 V.
1059 3688 1136 3756 Idus
1151 3683 1302 3774 Augusti,

176 3787 407 3872 (Pontificatum
423 3789 542 3880 nostri)
558 3814 645 3861 anno
662 3793 865 3863 duodecimo.

267 3981 332 4054 (lx.
347 3982 475 4057 Gergely
487 3983 562 4059 pcipe
574 3986 762 4061 Regesttiibtl
774 3989 900 4046 Theiner
913 3989 950 4044 id.
964 4007 1001 4045 m.
1015 3989 1036 4044 L
1049 3989 1078 4045 k.
1094 3992 1155 4049 1so.
1169 3989 1203 4064 l.)

619 4287 858 4301 m
