3154 5030
788 803 845 869 68.

247 1017 280 1085 Α
294 1019 392 1086 locat
405 1017 563 1106 kdptcloa
578 1019 777 1106 biaoayadqa,
792 1019 873 1108 lopy
882 1015 1028 1084 Henucb
1037 1027 1117 1084 acolt
1125 1019 1219 1106 oppda
1229 1015 1370 1107 OEtoctey

249 1126 429 1215 bedysdpbcn
453 1128 522 1194 leot
544 1127 682 1194 birtolcdt
703 1149 726 1190 a
743 1124 977 1216 paaaoabalmr‘
991 1125 1191 1213 cpdlsdpnak
1206 1125 1372 1214 bapyomd·

682 1255 812 1322 oyoazu.
829 1235 927 1299 1240.

359 1501 529 1570 Vniuersis
544 1500 748 1588 presencium
765 1500 919 1570 noticiam
937 1498 1096 1568 habituris
1109 1497 1294 1586 Capitulum
1310 1501 1370 1568 Ec

248 1611 348 1681 clesie
358 1612 519 1682 Budeusis
535 1613 673 1678 salutem
689 1613 721 1678 iu
734 1609 906 1678 Salustoro
923 1609 1075 1676 omnium.
1095 1609 1232 1676 Vnicum
1248 1616 1298 1676 est
1314 1610 1370 1677 ob-

246 1714 376 1791 livionis
391 1717 567 1788 remedium
584 1719 743 1806 scripture
758 1719 979 1786 testimonium
988 1769 998 1804 ,
1015 1719 1103 1802 quod
1124 1716 1295 1786 calumniis
1310 1718 1369 1784 im-

246 1827 338 1914 ponit
363 1829 532 1896 silencium
549 1833 582 1894 et
599 1825 822 1894 contencionis
837 1823 958 1892 nodum
975 1825 1120 1912 explicat
1136 1835 1368 1912 emergentem.

246 1936 374 2003 Exinde
398 1934 443 2004 ad
466 1933 621 2003 noticiam
646 1934 870 2002 uniuersorum
893 1933 1042 2002 uolumus
1066 1933 1257 2020 peruenire,
1282 1933 1369 2018 quod

246 2043 393 2110 Herruch
417 2043 459 2109 de
482 2044 561 2110 uilla
586 2041 736 2130 Chuntey
760 2041 920 2110 accedens
936 2041 980 2108 ad
996 2047 1141 2108 nostram
1161 2043 1367 2127 presenciam

247 2146 460 2236 corporaliter
486 2149 655 2219 confessus
680 2157 748 2236 est,
778 2150 865 2235 quod
890 2171 962 2218 cum
980 2153 1052 2238 ipse
1067 2148 1222 2216 heredum
1239 2169 1369 2219 succes-

145 2327 147 2334 ,
246 2261 339 2326 sione
365 2259 544 2345 caruisset,
561 2259 745 2327 Ecclesiam
769 2260 865 2328 Beati
888 2259 1021 2326 Martini
1037 2259 1079 2324 de
1095 2259 1205 2326 Monte
1221 2258 1368 2325 Panonie

247 2367 311 2434 sibi
336 2365 506 2452 adoptauit
531 2365 565 2434 in
589 2365 762 2448 heredem,
788 2385 825 2432 se
851 2375 883 2434 et
907 2365 1054 2452 predium
1074 2385 1165 2432 suum
1182 2365 1234 2432 cui
1249 2385 1368 2434 nomen

245 2473 396 2562 Ohuntcy
413 2494 483 2540 cum
500 2481 587 2541 terra
596 2525 606 2560 ,
632 2475 763 2560 feneto,
789 2475 894 2560 silua,
913 2475 1041 2561 piscina
1058 2495 1130 2541 cum
1146 2471 1315 2557 Danubio,
1333 2477 1368 2538 et

245 2582 314 2649 alia
328 2582 457 2667 piscina
472 2583 504 2649 in
521 2581 674 2652 Danubio
693 2583 856 2666 existenti,
874 2603 938 2667 quc
954 2583 1053 2666 uulgo
1070 2581 1164 2648 'lona
1180 2580 1297 2649 dicitur
1306 2631 1316 2665 ,
1332 2585 1367 2646 et

244 2708 317 2755 cum
333 2690 408 2757 aliis
425 2689 640 2776 utilitatibus,
666 2711 730 2775 que
753 2690 862 2758 omnia
880 2693 986 2779 ipsum
1003 2691 1036 2756 in
1052 2689 1275 2775 prenominato
1292 2708 1365 2777 pre-

245 2794 300 2864 dio
317 2800 526 2883 contingunt,
550 2797 655 2867 eidem
671 2798 822 2867 Ecclesia
842 2798 1006 2867 offerendo
1023 2799 1244 2884 perennaliter
1259 2797 1364 2884 possi·

243 2903 372 2990 denda,
398 2911 510 2976 temen
535 2906 689 2990 quamdiu
704 2907 829 2974 Herruh
854 2907 992 2992 uixerit,
1017 2907 1176 2972 utilitates
1193 2913 1225 2971 et
1241 2905 1364 2973 tructus

242 3012 363 3100 prefati
377 3012 482 3098 predii
497 3015 655 3100 percipiet
670 3019 704 3081 et
717 3013 861 3098 babebit,
872 3015 931 3082 sed
948 3021 1023 3102 post
1039 3019 1173 3080 mortem
1183 3013 1286 3099 ipsius
1304 3014 1364 3079 Ec·

237 3120 346 3188 -clesia
361 3120 456 3189 Beati
471 3122 604 3188 Martini
620 3123 729 3191 omnia
746 3142 846 3208 supra
872 3123 962 3190 dicta
982 3123 1106 3208 jugiter
1125 3122 1317 3208 possidebit.
1335 3119 1363 3185 E

241 3248 397 3298 converso
414 3230 612 3297 venerabilis
622 3231 720 3298 Pater
731 3227 838 3316 Uryas
849 3231 961 3298 Abbas
977 3238 1011 3297 et
1025 3229 1198 3296 universus
1214 3229 1363 3296 Ecclesie

242 3338 336 3405 Beati
350 3339 482 3407 Martini
497 3337 682 3406 Oonrentus
706 3340 830 3406 tributa
856 3341 898 3408 de
914 3339 985 3407 foro
1020 3337 1109 3405 etde
1141 3343 1235 3426 portu
1251 3337 1284 3404 in
1302 3337 1363 3402 Bu·

242 3443 343 3529 drag,
370 3463 433 3528 que
450 3445 604 3512 Ecclesia
615 3443 728 3512 Sancti
743 3445 875 3512 Martini
891 3445 1059 3533 percipere
1076 3445 1263 3528 consueuit,
1288 3463 1363 3510 cum

246 3559 366 3636 stagno
383 3557 418 3628 et
440 3553 658 3636 piscatoribus
674 3554 707 3619 in
718 3551 867 3640 Obuntey
883 3555 1101 3621 existentibus
1132 3552 1363 3622 commiserunt

242 3653 347 3725 eidem
363 3657 492 3724 Herruh
509 3660 552 3726 ad
567 3661 825 3746 procurandum,
852 3661 970 3728 dantes
986 3661 1166 3747 predictam
1184 3660 1362 3744 possessio

241 3781 314 3830 nem
330 3765 364 3830 in
379 3785 495 3833 manus
510 3768 633 3854 ipsius,
650 3777 683 3833 ut
698 3767 856 3837 utilitates
881 3777 915 3836 et
931 3771 1054 3836 tructus
1082 3769 1242 3856 percipiat
1257 3769 1362 3854 ipsius

244 3871 464 3958 possessionis
488 3880 521 3940 et
536 3875 685 3942 Ecclesic
701 3896 802 3962 supra
818 3877 922 3962 dicte,
945 3879 1029 3945 sicut
1044 3876 1166 3943 Diuina
1182 3877 1246 3942 sibi
1261 3876 1361 3962 inspi-

241 3979 363 4045 rauerit
377 3981 510 4065 gracia,
535 3981 576 4076 dc
592 3982 944 4070 predictis-prouideat,
963 3991 996 4053 et
1011 3984 1176 4070 disponat.
1206 3981 1248 4048 Vt
1262 3983 1362 4067 igitur
1401 4069 1403 4074 λ

241 4088 344 4156 series
360 4089 588 4175 prenominato
603 4092 793 4160 donacionis
807 4091 900 4160 firma
935 4100 968 4158 et
983 4093 1179 4160 inconcussa
1206 4109 1358 4176 perseue-

238 4203 296 4279 rct,
313 4199 357 4265 ad
371 4197 566 4282 peticionem
581 4204 648 4268 tarn
664 4197 800 4286 predicti
815 4199 952 4285 Herrub,
979 4221 1075 4285 quam
1092 4199 1197 4268 eciam
1214 4197 1357 4265 Abbatis

240 4309 273 4369 et
288 4303 476 4374 Conventus
486 4305 635 4374 Ecclesia
650 4309 817 4378 antedictc
827 4309 1126 4378 condescendentes
1137 4309 1243 4394 ipsam
1259 4306 1359 4372 dona-

240 4413 367 4480 cionem
383 4415 546 4498 presentis
562 4415 676 4501 scripti
691 4417 884 4503 patrocinio,
902 4425 935 4484 et
951 4417 1053 4499 sigilli
1067 4413 1171 4484 nostri
1182 4415 1360 4482 munimine

238 4517 388 4587 duximus
427 4524 682 4606 perennandum.
722 4525 808 4592 Jona
839 4525 1002 4608 cantore,
1043 4525 1171 4592 Thema
1202 4522 1359 4608 Custode,
