3184 5064
729 301 876 402 ,ἐπὶ

255 507 416 584 qnatenus
432 498 553 565 diotnm
571 500 724 588 nobilem,
742 497 952 582 quodviiiam
969 497 1075 581 ipsam
1092 497 1198 563 eidem
1212 495 1332 562 Abbati
1349 505 1381 563 et

255 605 438 674 Gonnentni
463 606 635 673 restituere
660 629 726 678 non
742 605 948 686 intermittat,
966 623 1090 688 eosque
1105 603 1196 670 ittam
1213 602 1254 670 de
1271 609 1381 672 cetero

255 713 427 800 penitere
447 711 625 801 permittet,
643 715 749 800 Regia
763 717 929 801 potestate
944 711 1135 797 compellat,
1150 713 1199 779 ita
1214 711 1302 794 qnod
1318 711 1380 780 oin·

254 821 331 888 dem
347 821 479 888 Abbete
494 828 528 888 et
543 821 715 890 Gonnentn
731 827 883 910 optatum
898 818 1104 887 oommodnm
1120 817 1162 886 tie
1193 817 1380 886 huiuamodi

255 926 408 1018 preoiboo
439 928 561 998 nostris
592 937 784 1016 reportasse
808 927 1038 1015 gaudentibus,
1065 947 1124 994 noe
1141 925 1202 993 tibi
1216 927 1380 1014 apeoiatea

256 1037 377 1106 exinde
391 1035 518 1123 gnta·
528 1037 717 1108 referamur.
729 1037 851 1107 Datum
861 1036 1012 1122 Anagnie
1023 1035 1062 1102 V.
1072 1037 1148 1103 Kal.
1161 1034 1241 1120 ttaij
1253 1034 1382 1102 Pontiti·

257 1151 350 1214 eatnt
365 1143 470 1215 nostri
484 1164 571 1214 enno
588 1153 692 1214 texto.

417 1340 564 1434 (Eredetie
577 1358 596 1399 a
607 1361 649 1402 n.
662 1337 787 1398 mirtoni
801 1335 959 1410 tosptotg
975 1333 1205 1412 tevttttrtben).

781 1971 861 2038 225.

335 2149 470 2243 Spototo
486 2151 645 2218 ortror'bao
659 2151 777 2217 tremit
792 2149 984 2237 eiqreoqelet
994 2148 1192 2237 fomnlojo.
1211 2151 1307 2215 ibeo

363 2329 402 2398 1n
418 2330 550 2397 nomine
579 2327 709 2397 Domini
740 2330 844 2398 nentri
874 2329 955 2398 Jeen
981 2325 1102 2398 Obrioti
1119 2327 1235 2396 Amen.
1251 2328 1383 2396 Annon

258 2435 434 2505 nativitate
458 2435 604 2506 eiusdem
630 2437 801 2506 millesimo
827 2437 1056 2507 dueentenimo
1083 2437 1384 2524 sexagesimoein·

259 2544 408 2614 diotione
424 2546 533 2626 tertie,
550 2546 604 2614 die
624 2545 764 2632 repono
779 2547 924 2614 intrante
940 2545 1047 2614 tenio.
1066 2547 1237 2629 Regnante
1252 2543 1383 2612 domino

258 2658 370 2721 nostro
385 2653 469 2721 Belo
484 2653 703 2721 Serenioaimo
733 2655 824 2738 Rege
854 2649 1013 2738 Vngnri03
1041 2652 1244 2740 temporibus
1259 2651 1383 2719 domini

257 2761 389 2846 Bogerii
404 2760 605 2830 venerabilis
621 2761 832 2846 spalatensis
842 2762 1099 2847 Arobiepinoopi,
1126 2760 1243 2828 Nioole
1267 2761 1382 2838 Dente,

257 2863 374 2936 Nioele
390 2867 512 2955 Doymi
528 2875 561 2934 ot
578 2868 675 2936 Come
693 2869 782 2936 Petri
798 2867 950 2936 Gamnroi
964 2867 1131 2936 Jndieum.
1157 2921 1161 2928 .

364 2977 402 3042 In
411 2973 540 3044 nomine
551 2976 655 3042 eterni
666 2983 699 3043 et
709 2978 825 3044 summi
836 2977 898 3045 Dei
910 2977 1028 3046 Arnen.
1042 2977 1137 3044 Anno
1147 2975 1381 3044 incarnationis

256 3078 403 3152 eiusdem
412 3081 586 3150 millesimo
596 3083 818 3152 dueenteaimo
828 3084 1260 3170 eexngeim031ndiotione
1268 3082 1380 3164 toreio,

256 3191 388 3262 ‹ieoimn
403 3191 458 3260 die
473 3191 617 3260 intrante
640 3193 830 3262 Februario.
867 3192 1082 3280 Temporibus
1107 3191 1229 3262 domini
1253 3189 1383 3275 Rogerii

256 3300 459 3371 venerabilia
484 3301 693 3387 Spalatenoio
718 3301 975 3390 Arohiepineopi
1004 3300 1112 3371 litote
1127 3301 1241 3383 Medii,
1257 3298 1383 3368 Alberti

257 3405 370 3494 Jannj,
403 3405 575 3476 btiohaelie
605 3407 771 3476 Leonerdi
785 3410 962 3496 Jndionm;
994 3409 1101 3478 Tiona
1126 3409 1242 3477 reliota
1273 3407 1382 3476 biiohe

257 3515 375 3584 Stotoe
400 3535 482 3586 eane
508 3524 542 3585 et
566 3520 753 3588 memoriter
768 3521 918 3606 loqneno,
935 3523 1015 3588 lieet
1029 3517 1219 3588 infirmitate
1234 3523 1381 3604 gravate,

258 3621 387 3706 integro
401 3630 515 3692 tamen
531 3645 629 3695 tenen
646 3635 679 3696 et
693 3629 781 3696 bona
797 3630 965 3714 memorie,
982 3628 1111 3712 timone,
1122 3647 1164 3694 ne
1175 3627 1219 3694 ab
1228 3629 1382 3696 intentato

257 3727 445 3815 deoederet,
477 3733 545 3802 tale
575 3735 641 3802 sibi
672 3733 837 3803 ordinavit
866 3731 1384 3820 fieritertamentnm.1mprimie

258 3835 342 3905 dixit
356 3835 419 3906 ntb.
436 3839 478 3906 lit
493 3839 587 3925 dixit,
605 3840 693 3928 qnod
717 3842 817 3909 etiam
842 3844 954 3912 omnia
979 3845 1209 3929 instrumente,
1236 3861 1299 3928 qne
1315 3841 1384 3911 eina

258 3949 396 4032 nepotes
428 3943 488 4012 ttii
518 3947 623 4034 Stant,
651 3949 706 4033 qni
721 3949 797 4035 ipsa
813 3950 872 4033 eie,
889 3951 941 4017 vet
958 3952 1104 4040 iptorum
1119 3955 1231 4036 patrea
1248 3949 1303 4016 vei
1318 3967 1383 4016 mo·

252 4060 325 4122 troo
341 4053 383 4121 de
408 4053 606 4140 tnpradiotie
630 4056 727 4122 rebna
752 4055 911 4141 ieoerant,
939 4057 1033 4125 irrita
1047 4063 1082 4124 et
1096 4075 1202 4126 vaona
1217 4071 1385 4143 permane·

258 4163 316 4227 ant
330 4167 364 4228 et
378 4161 502 4230 nnllam
517 4162 642 4249 vigoris
659 4163 830 4232 obtineant
855 4163 1052 4234 firmitatem.
1083 4165 1211 4254 Qnibno
1234 4163 1385 4230 omnibns

258 4267 351 4336 tiliae
366 4267 468 4356 Stant,
486 4270 541 4355 qni
557 4269 627 4339 illio
652 4289 790 4356 protono
806 4278 888 4357 eret,
905 4272 1116 4360 eontradixit,
1136 4271 1281 4358 negavit,
1297 4277 1331 4339 ot
1347 4289 1385 4338 ne

258 4377 319 4445 nub
335 4377 536 4464 proteetione
552 4379 661 4457 (inrie,
676 4386 709 4446 et
725 4399 803 4448 enon
814 4380 934 4450 tratres
945 4387 977 4448 et
989 4399 1118 4451 sorores
1133 4381 1244 4468 poenit
1259 4380 1384 4464 dieent,

257 4501 352 4552 onam
367 4505 464 4554 ovam
481 4509 545 4556 non
561 4494 653 4556 reete
667 4507 743 4557 enee
765 4489 919 4556 boontem.
936 4489 1019 4556 ltern
1035 4488 1186 4575 prediote
1201 4487 1307 4556 ‘Pioha
1321 4493 1384 4576 eto.

256 4593 374 4658 Aotnm
390 4593 423 4660 in
454 4592 551 4666 domo
583 4595 690 4682 ipeinn
710 4593 813 4662 'liobe
837 4594 871 4663 in
888 4599 1055 4682 presentia
1070 4596 1202 4664 Nioolai
1218 4594 1385 4678 qnondam
