3154 5030
287 481 533 569 discesserunt,
558 482 589 550 si
614 481 779 551 humiliter
794 481 901 552 redire
927 485 1103 568 voluerint,
1135 495 1171 556 et
1187 485 1288 572 digna
1316 489 1401 558 satis·

288 585 401 657 tacere
430 587 473 657 dc
488 589 648 676 comissis,
665 589 712 658 ita
736 591 825 676 quod
839 591 903 680 ipsi
920 591 1067 680 religiosi
1082 594 1125 664 ad
1135 613 1196 662 sua
1219 595 1303 680 loca,
1319 597 1403 664 sulca

287 693 463 786 disciplina
478 696 604 768 ordinis
629 705 855 786 resumantur,
880 705 913 769 et
928 699 1004 770 illos
1021 719 1064 770 ax
1079 701 1145 770 iam
1160 701 1268 788 dictis,
1284 702 1336 787 qui
1350 722 1399 770 cr·

289 805 593 877 communicationis
619 808 750 877 umcnlo
774 813 850 877 sunt
865 809 1009 894 astricti,
1031 811 1123 878 iuxta
1137 809 1330 898 premissam
1344 807 1401 880 lor·

289 933 378 982 mam
394 921 428 983 et
443 915 590 1003 predicte
605 915 843 986 satisfactionis
859 913 988 986 modum
1003 917 1177 986 absolvere
1193 917 1350 1003 valeatis;
1372 925 1401 985 et

290 1041 363 1091 oum
378 1021 614 1112 irregularibus
639 1045 681 1094 cx
698 1025 842 1111 eisdem,
877 1025 963 1116 sicut
986 1033 1036 1094 est
1059 1045 1251 1114 expressum
1267 1025 1403 1113 ruperim

291 1129 496 1216 dispensare.
512 1130 634 1201 Adbcc
644 1133 688 1200 sit
698 1130 791 1202 vobis
807 1131 992 1201 alsolvendi
1009 1131 1152 1202 laoultas
1166 1135 1330 1201 occisores
1345 1131 1403 1200 cle

293 1239 433 1307 uicorum
449 1245 483 1306 et
498 1237 726 1323 religiosarum
736 1258 951 1329 personarum
963 1241 995 1308 in
1006 1239 1162 1326 predictis
1171 1241 1322 1328 partibus
1337 1261 1402 1308 con·

294 1347 435 1431 stitntos,
453 1345 611 1416 fundandi
627 1346 668 1415 dc
684 1367 769 1416 nouo
795 1347 918 1416 ibidem
934 1348 1114 1432 Ecclesiae,
1132 1356 1165 1416 et
1179 1345 1405 1415 reconciliandi

293 1451 381 1540 illas,
398 1473 461 1538 que
476 1463 552 1524 sunt
569 1475 648 1524 casu
673 1457 785 1541 aliquo
811 1455 1040 1542 prophanam,
1057 1476 1098 1524 ao
1113 1454 1154 1523 de
1169 1475 1254 1523 noro
1270 1453 1405 1524 fundatis

292 1561 450 1632 Rectores
466 1563 604 1631 idoneos
622 1564 836 1653 providendi,
854 1573 887 1632 et
896 1563 970 1648 illis,
984 1565 1041 1650 qui
1050 1563 1091 1630 de
1100 1564 1254 1650 gentibus
1264 1565 1320 1630 uel
1334 1563 1405 1630 sois·

290 1669 419 1740 malicia
434 1673 562 1756 noviter
571 1680 647 1741 sunt
656 1675 818 1760 conversi,
836 1671 938 1740 dandi
948 1672 1125 1758 licentiam,
1141 1677 1177 1739 ut
1187 1689 1307 1740 uxores
1325 1689 1405 1762 suas,

289 1799 362 1848 cum
383 1780 502 1864 quibus
513 1781 546 1848 in
556 1780 746 1867 gradibosa
761 1781 835 1868 lege
844 1779 966 1848 Divina
981 1799 1047 1846 non
1056 1779 1229 1865 prohibitis
1246 1785 1406 1846 contraxe-

290 1895 384 1975 runt,
408 1889 542 1958 valeant
557 1889 720 1976 retinere,
744 1888 784 1956 de
809 1889 918 1956 causis
934 1885 1248 1971 matrimonialibus,
1281 1885 1407 1970 quasin

291 1997 440 2084 partibus
461 1995 526 2065 illis
541 1997 586 2064 ad
595 1997 796 2066 audientiam
812 2003 953 2064 uestram
977 1993 1099 2062 deferri
1115 1995 1307 2081 eontigerit,
1331 1993 1406 2080 legi·

289 2105 368 2174 time
382 2105 608 2192 cognoscendi,
619 2127 660 2174 ac
675 2105 901 2176 discordantes
911 2105 996 2174 inter
1006 2125 1044 2172 se
1054 2103 1098 2172 ad
1108 2105 1258 2188 invicem,
1270 2101 1358 2188 qnod
1369 2099 1409 2168 ad

289 2233 406 2302 pacem
421 2221 455 2281 et
470 2216 676 2284 concordiam
701 2215 847 2300 redeant,
874 2233 1001 2281 nconon
1011 2211 1096 2298 quod
1106 2209 1292 2281 inordinate
1304 2211 1407 2278 viren-

289 2331 341 2390 tes
357 2322 475 2391 desuis
485 2321 684 2408 excessibus,
695 2321 779 2390 sient
794 2321 912 2389 iustum
922 2319 1030 2404 fuerit,
1041 2319 1302 2388 satisfactionem
1322 2315 1406 2386 exbi-

289 2429 399 2517 beant,
417 2429 631 2519 compellendi
652 2447 896 2518 percensuram
919 2427 1190 2513 ecelesiasticam,
1202 2427 1297 2495 vobis
1307 2427 1409 2494 libera

289 2539 334 2608 sit
341 2544 533 2625 potestates.
544 2537 723 2625 Insuperin
734 2537 865 2622 locis,in
876 2536 1055 2621 quibusvos
1067 2535 1229 2622 hospitari
1241 2533 1411 2620 eontigerit

289 2645 345 2714 uel
360 2645 394 2711 in
408 2645 490 2712 locis
505 2647 650 2731 partium
674 2645 871 2721 earundem,
896 2644 929 2709 in
945 2643 1065 2728 quibus
1081 2640 1293 2712 residentiam
1310 2641 1408 2708 iacie-

290 2751 344 2838 tis,
359 2755 494 2820 missam
512 2761 544 2820 et
560 2759 670 2821 cetera
685 2748 799 2820 divina
825 2751 994 2820 celebrare
1010 2749 1131 2835 officia,
1147 2751 1181 2818 in
1197 2749 1323 2818 eisdem
1340 2768 1410 2836 par·

287 2860 376 2928 tibus
391 2860 551 2928 cimiteria
575 2858 781 2944 benedicere,
797 2880 839 2928 ac
855 2858 934 2926 dare
950 2857 1150 2944 indulgetias
1168 2865 1200 2926 et
1211 2863 1410 2924 commutare

287 2971 376 3052 vota,
393 2965 584 3035 facultatem
599 2973 632 3036 ot
642 2968 808 3036 licentiam
822 2963 983 3034 habeatis.
995 2965 1146 3034 Ceterum
1158 2963 1251 3032 vobis
1263 2961 1409 3032 concedi·

288 3093 371 3162 nnus,
388 3073 686 3160 quodacatbolieia
696 3073 904 3158 Patriarobis,
915 3071 1180 3160 Arobieplscopis
1191 3069 1412 3158 etEpiseopis

288 3183 423 3271 possitis
444 3183 575 3252 ordines
592 3189 627 3251 et
650 3183 719 3251 alia
743 3181 970 3252 ecclesiastica
994 3187 1202 3250 sacramenta
1225 3179 1410 3267 resapere,

287 3313 330 3362 ae
345 3298 454 3362 vestes
465 3289 699 3374 sacerdotales,
707 3289 823 3360 altaris
832 3289 941 3376 pallas
952 3293 985 3356 et
995 3287 1180 3376 corporalia
1195 3305 1254 3376 per
1269 3305 1339 3371 eos,
1356 3285 1409 3370 qni

289 3421 331 3470 ex
346 3401 441 3470 vobis
457 3408 534 3470 sunt
560 3399 752 3488 presbiteri,
776 3395 1082 3468 ubiOatbollcornm
1108 3394 1349 3483 Episcopcrum
1360 3411 1411 3461 oo·

288 3509 346 3598 pia
356 3531 420 3578 non
431 3507 578 3594 babetur,
593 3527 721 3576 necnon
740 3505 808 3574 alia
819 3501 1282 3590 tacereqeeedeugmenlum
1298 3497 1412 3568 Divini

289 3617 427 3687 nominis
447 3625 481 3686 et
504 3617 748 3705 ampliationem
772 3612 940 3684 catholice
955 3611 1033 3680 ddei
1044 3631 1086 3680 ac
1100 3609 1365 3700 reprobationem
1380 3609 1413 3674 et

287 3726 500 3800 irritationem
526 3725 673 3812 illorum,
699 3722 757 3812 qui
781 3719 886 3790 saeris
910 3717 1140 3790 traditionibus
1170 3719 1411 3800 contradicunt,

289 3835 373 3906 siout
387 3851 447 3922 pro
460 3833 532 3902 loeo
547 3841 581 3901 et
594 3837 740 3920 tempore
755 3827 906 3899 videritis
924 3828 1088 3918 expedire.
1104 3825 1194 3897 Nulli
1209 3815 1371 3914 ergo‘etc.

344 4011 406 4088 (lv.
419 4011 504 4068 lucae
516 4007 593 4083 ptpa
611 4007 724 4066 lutosi
736 4004 931 4082 Regcstlibdl,
950 4005 1076 4066 Thaiuer
1088 4005 1127 4064 id.
1140 4022 1177 4062 m.
1192 4003 1215 4064 1.
1224 4003 1253 4062 ln
1266 4001 1331 4060 198.
1344 3999 1379 4076 l.)

717 4235 985 4258 m
