3220 5058
735 290 892 392 -oo-

251 503 319 553 rem
335 486 521 580 perempnis
537 487 603 554 vite
619 487 790 556 constituis
816 495 849 554 et
873 485 991 555 Sedem
1007 487 1228 573 Apostoiieum
1245 505 1374 572 semper

251 593 373 670 habere
390 594 573 674 benivolum
590 597 804 682 promereris:
829 600 956 679 quent
981 617 1040 684 pro
1066 595 1168 682 ipsius
1188 593 1374 664 defensione

251 699 381 790 Imperii
396 699 495 768 focile
510 703 681 785 provenire
698 703 819 785 valent,
836 701 924 785 quod
941 709 1083 790 optatur,
1103 701 1161 770 ilis
1178 701 1286 768 studio
1301 725 1374 790 pro-

251 811 396 879 ourunde
412 809 638 876 subventionis
654 811 853 896 assumpsit,
881 809 967 894 quod
982 809 1080 896 ilino,
1106 811 1192 877 siout
1207 811 1249 879 de
1265 811 1374 897 propi·

248 923 385 1004 tistious
401 919 523 986 Divina
539 916 750 1004 confidimus,
766 917 903 1006 grandis
927 917 1082 1005 procedet
1101 937 1254 986 uumerus
1269 919 1373 986 bellu·

248 1040 361 1115 torum,
377 1049 442 1097 uns
457 1035 564 1095 teeum
582 1025 763 1095 desiderati
777 1027 932 1113 triumphi
943 1027 1085 1112 glorium
1101 1027 1302 1095 obtenturus.
1319 1029 1370 1094 In-

247 1140 342 1207 terim
358 1145 467 1204 sutem
483 1142 572 1202 tuum
599 1143 632 1202 et
651 1143 778 1202 tuorum
796 1137 922 1203 animos
938 1137 1067 1222 prelata
1085 1135 1203 1202 esteris
1220 1141 1370 1203 constan-

246 1249 292 1315 tie
308 1247 425 1315 virtuts
442 1241 633 1322 stabiliens,
656 1242 769 1310 fideles
787 1243 934 1312 eiusdem
950 1243 1084 1329 Imperii
1100 1249 1282 1330 opportune
1297 1262 1370 1329 pro·

246 1354 397 1422 tottionis
413 1349 652 1440 impendiosie
675 1351 812 1438 studeas
827 1354 1010 1438 consolari,
1038 1351 1122 1436 qnod
1148 1373 1169 1419 s
1194 1359 1369 1440 conspeetu

246 1461 350 1551 portis
366 1461 505 1529 adverse
521 1479 586 1528 non
603 1459 766 1545 desidant,
783 1459 842 1528 sed
858 1461 902 1528 ud
918 1461 1159 1547 repressionem
1170 1461 1258 1528 illius
1268 1460 1369 1528 iirmis
1414 1549 1417 1554 Ι

246 1572 397 1639 sordibus
413 1571 628 1653 invalescunt,
641 1569 752 1654 sieque
768 1569 835 1655 fiat,
847 1569 935 1654 quod
949 1593 1008 1658 pro
1026 1570 1154 1638 virtutis
1169 1573 1259 1636 tante
1275 1571 1368 1636 meri-

244 1681 286 1747 tis
302 1679 396 1748 uobis
412 1677 473 1745 tibi
490 1675 697 1745 minuentibus
714 1677 870 1762 obligatis
880 1729 889 1763 ,
917 1679 1090 1764 proveniat
1108 1694 1250 1764 superne
1265 1675 1368 1743 Maie-

244 1790 340 1856 statis
356 1789 497 1868 suxilio,
523 1793 557 1852 ut
573 1793 607 1854 et
622 1785 796 1873 temporali
811 1787 1029 1873 prosperitate
1046 1783 1199 1872 proficias
1209 1835 1218 1869 ,
1245 1787 1277 1851 et
1296 1785 1365 1850 tsn-
1485 1857 1487 1861 ⁸

243 1899 318 1965 dem
334 1897 367 1962 in
382 1877 554 1962 beatorum
571 1895 711 1980 collegio
727 1895 954 1977 conquiesoas.
985 1895 1109 1962 Datum
1133 1891 1270 1960 viterbii
1296 1895 1364 1959 kal.

243 2003 343 2089 Junii,
362 1996 575 2071 Pontificatus
591 2003 694 2070 nostri
709 2023 796 2071 unno
812 2001 992 2072 undecimo.

344 2221 407 2294 (lx.
418 2221 548 2305 .Gergsiy
563 2219 638 2294 pdps
650 2175 835 2291 Regsstsibsl
848 2221 974 2277 Theiner
985 2221 1023 2276 id.
1038 2239 1073 2276 m.
1087 2219 1108 2278 1.
1122 2219 1149 2274 k.
1165 2221 1224 2275 157.
1239 2217 1283 2290 1.),

705 2485 905 2494 m

764 2831 822 2897 ³4.

235 3013 297 3084 IX.
315 3009 447 3098 Gerpely
457 2955 695 3096 pdpoBolpdr-
712 3006 909 3094 o’oOlddfo'ld
919 3005 1132 3096 fdpapjoidoz
1147 2971 1253 3096 upyun
1269 3007 1360 3078 errd'l.

332 3159 333 3164 κ
749 3116 847 3180 1237.'

345 3298 522 3383 Gregorius
539 3295 722 3382 Episoopus
741 3299 804 3360 ete.
822 3295 1065 3362 venerabilibus
1082 3295 1236 3364 iratribus
1248 3293 1358 3361 Archi-

237 3514 365 3597 positis,
382 3511 526 3578 Deoauis
535 3560 544 3594 ,
562 3509 834 3592 Arohidiaoonis,
850 3507 1142 3596 Auchipresbiteris
1158 3516 1191 3576 et
1207 3511 1282 3577 aliis
1301 3510 1359 3575 Ee-

238 3619 409 3685 oiesisrum
425 3619 563 3684 Prelstis
588 3620 620 3683 in
644 3617 801 3702 Buigariu
818 3623 851 3682 et
867 3616 1003 3683 Biuehis
1021 3617 1204 3684 constitutis
1220 3620 1359 3686 salutem

237 3731 299 3794 eie.
315 3723 454 3789 Ratione
470 3725 681 3808 preminentis
698 3725 795 3790 officii
803 3773 812 3807 ,
829 3727 1009 3806 quodlicet
1025 3725 1150 3812 indigni
1167 3725 1357 3811 disponente
1396 3807 1400 3814 ⁸

236 3833 379 3901 omnium
396 3830 559 3896 conditore
576 3833 778 3917 suscepimus
788 3854 801 3916 ,·
823 3833 916 3898 uobis
933 3841 1071 3915 quatuor
1088 3831 1241 3900 iuoienda
1257 3836 1356 3920 potis·

236 3940 323 4029 sime
334 3938 522 4024 reperimus,
539 3937 694 4006 videlieet
710 3937 798 4025 quod
815 3941 965 4006 conversi
976 3935 1062 4028 (igy)
1074 3941 1251 4024 aliquando
1268 3944 1358 4008 iuxta

234 4045 366 4115 Domini
382 4047 560 4115 iussionem
577 4047 696 4114 fratres
722 4053 852 4114 nostros
877 4049 910 4113 in
936 4045 1048 4114 Divini
1068 4049 1181 4117 timore
1198 4039 1230 4114 et
1247 4069 1357 4116 amore
1417 4081 1420 4085 ·

234 4155 374 4222 nominis
399 4175 441 4221 ao
467 4157 651 4222 reverentie
676 4155 798 4221 Sancte
813 4153 927 4222 Matris
950 4155 1098 4222 Eooiesie
1125 4155 1357 4240 confirmemus,

235 4269 268 4328 et
292 4265 325 4329 in
349 4259 511 4348 Principis
535 4265 766 4348 Apostolorum
794 4264 945 4332 navicula
961 4265 1155 4332 constitutos
1172 4265 1214 4331 ad
1230 4271 1358 4352 portum

233 4370 351 4437 salutis
367 4371 451 4436 duee
461 4369 601 4440 Domino
613 4373 801 4457 dirigentes,
819 4371 903 4440 elios
919 4380 1013 4438 extra
1028 4373 1135 4456 ipsam
1150 4379 1307 4455 tunquam
1323 4373 1358 4437 in

134 4521 145 4530 -
232 4477 320 4545 inuio
338 4477 476 4564 positos,
494 4487 527 4548 et
543 4481 576 4546 in
592 4481 750 4548 diluvium
767 4480 959 4568 perditionis
975 4487 1151 4565 perpetue,
1178 4481 1242 4546 nisi
1267 4499 1357 4548 resu-

232 4591 362 4652 muntur
386 4587 431 4654 ud
455 4591 626 4674 semitam,
651 4609 861 4676 processuros
877 4589 1024 4656 ud'ovile
1040 4588 1182 4676 pastoris
1206 4589 1356 4675 perpetui
