3220 5058
832 289 878 362 44

776 389 929 404 *-

191 491 198 500 ’
294 511 355 581 pus
370 514 432 562 nec
448 491 593 567 venisset
607 493 641 560 in
656 495 804 579 termino,
820 513 882 561 nec
897 501 972 580 post
987 492 1160 568 terminum
1176 497 1277 564 etiam
1292 495 1417 562 Eunus

294 607 507 690 expectatusp
531 621 591 670 nos
616 602 764 671 uolentes
788 601 974 668 huiusmodi
998 621 1157 672 excessus
1177 605 1333 691 Episcopi
1347 611 1419 670 mnu

295 730 445 780 enormes
460 731 581 798 penam
597 711 739 797 effugere
755 710 867 778 debite
882 711 1025 795 ultionis,
1036 710 1164 779 dilectis
1179 711 1256 781 filiis
1267 763 1275 778 .
1287 762 1294 778 .
1308 761 1316 778 .
1332 713 1417 779 San·

295 819 339 886 cti
354 820 488 888 Martini
502 819 544 886 dc
559 817 741 902 Pannonia,
758 826 790 884 et
811 869 818 883 .
835 869 843 884 .
860 869 868 884 .
895 819 1010 887 Sancti
1035 817 1217 888 saluatoris
1232 820 1274 886 do
1289 821 1420 888 Sexard

295 925 477 994 abbatibus
493 925 626 994 Ordinis
642 927 756 994 Sancti
771 927 944 995 Benedicti
960 928 1138 996 direximus
1155 931 1279 1016 scripta
1292 935 1422 1013 nostra,

295 1041 331 1100 ut
345 1035 546 1122 sepedictum
557 1036 753 1123 Episcopum
770 1035 812 1104 ad
829 1035 1006 1104 solvendas
1023 1035 1087 1123 ipsi
1096 1037 1218 1104 Abbati
1234 1057 1346 1105 omues
1362 1057 1419 1106 ax-

296 1162 425 1227 pensas,
443 1161 527 1228 quas
542 1142 668 1209 iecerat
684 1165 705 1208 a
721 1149 877 1228 tempore,
895 1163 960 1226 qno
976 1143 1131 1211 veniendi
1147 1145 1191 1211 ad
1201 1145 1319 1213 Sedem
1332 1147 1421 1231 Apo·

296 1250 446 1318 stolicam
462 1249 524 1316 luit
539 1249 570 1315 ei
585 1250 740 1316 terminus
756 1251 994 1338 peremptorius
1009 1251 1216 1336 assignatus,
1241 1253 1421 1319 monitione

296 1358 457 1444 premissa
473 1357 669 1424 auctoritate
686 1365 797 1427 nostra
814 1367 987 1445 cogentes,
1009 1361 1157 1428 iacerent
1173 1361 1278 1428 eidem
1295 1363 1421 1428 Abbati

298 1483 461 1549 expensas
478 1464 521 1530 ad
536 1466 797 1550 prosecutionem
813 1467 937 1552 negotii
952 1467 1159 1534 necessarias
1175 1467 1216 1534 dc
1235 1469 1327 1534 bonis
1351 1488 1420 1534 mo-

297 1572 433 1640 nasterii
447 1571 630 1658 provideri,
657 1573 913 1643 contradictores
940 1587 1194 1670 percensuram
1221 1577 1420 1642 ecclesiasti·

298 1700 369 1746 cam
385 1679 606 1766 appellatione
630 1681 815 1768 postposita
841 1683 1096 1769 compescendo;
1123 1683 1320 1769 prefigentes
1343 1683 1421 1768 Epi·

279 1806 397 1876 scopo
413 1795 446 1855 et
461 1789 610 1856 Cornelio
628 1790 890 1876 supradictis,et
906 1791 1033 1858 duobus
1049 1793 1103 1857 vel
1118 1792 1225 1860 tribus
1241 1791 1421 1873 monacbis,

296 1897 533 1982 principalibus
549 1896 731 1965 fautoribus
747 1898 942 1983 eorundem,
968 1899 1139 1966 terminum
1154 1901 1419 1986 peremptorium,

297 2001 418 2070 festum
443 2003 682 2071 Purificationis
705 2005 809 2073 Beata
833 2007 977 2090 Virginis
993 2007 1141 2092 proximo
1166 2015 1243 2072 tuno
1268 2005 1420 2085 futurum,

299 2129 362 2192 quo
388 2111 606 2194 personaliter
630 2119 741 2179 nostro
766 2133 804 2180 se
828 2114 1018 2200 conspectui
1043 2121 1270 2200 presentarent
1289 2111 1388 2180 satist
1411 2149 1420 2158 ·

300 2219 382 2284 oturi
394 2203 438 2285 'de
454 2224 501 2284 tot
517 2221 726 2298 excessibus,
752 2227 785 2287 et
804 2221 922 2289 facturi
937 2241 977 2288 ac
993 2223 1156 2308 recepturi
1171 2241 1268 2307 snper
1284 2218 1422 2306 premis·

301 2327 357 2410 sis,
374 2325 459 2408 quod
474 2327 654 2410 requireret
670 2327 749 2394 ordo
765 2327 862 2416 iuris,
879 2331 969 2416 ipsos
985 2331 1029 2396 ad
1044 2330 1080 2396 id
1095 2348 1233 2396 censura
1249 2327 1349 2394 simili
1365 2345 1424 2411 ap-

300 2433 479 2520 pellatione
494 2438 677 2520 postposita
695 2439 930 2522 compellendo.
961 2437 1111 2505 Ceterum
1129 2457 1202 2503 cum
1218 2435 1297 2502 dicti
1312 2433 1424 2502 Abba-

300 2548 350 2610 tes
375 2543 409 2608 in
436 2543 607 2612 commisso
633 2544 695 2610 sibi
720 2545 851 2630 negotio
877 2543 1091 2632 procedentes
1108 2545 1250 2610 iniuncto
1267 2543 1332 2628 ipsi
1347 2541 1425 2628 Epi·

301 2668 402 2738 scopo
418 2651 476 2718 sub
493 2651 757 2719 interminatione
773 2653 1003 2738 anathematis,
1015 2660 1221 2740 ntexpcnscs
1232 2651 1324 2717 iuxta
1333 2669 1425 2715 man-

302 2757 414 2825 datum
430 2765 574 2826 nostrum
590 2761 713 2826 Abbati
728 2762 869 2828 solveret
885 2759 1093 2849 supradicto,
1112 2779 1153 2826 ac
1169 2757 1292 2844 prolixo
1308 2755 1426 2823 iamdi-

303 2867 365 2932 ctis
389 2867 553 2952 Episcopo
579 2875 613 2934 st
637 2866 787 2936 Cornelio
813 2891 853 2936 ac
879 2868 1005 2936 duobus
1032 2867 1200 2935 monachis
1216 2866 1352 2932 termino
1368 2881 1426 2948 pe·

302 2972 495 3058 ramptano,
521 2972 604 3040 festo
630 2972 867 3041 Purificationis
892 2977 993 3043 Beate
1009 2975 1152 3060 Virginis
1176 2971 1323 3057 proximo
1339 2992 1426 3046 nnnc

296 3087 487 3164 ¹trausacto,
514 3099 577 3162 quo
603 3081 695 3148 iuxta
719 3089 864 3151 tenorem
888 3083 1034 3151 mandati
1058 3080 1241 3168 Apostoliui
1260 3081 1426 3147 innostra

303 3191 470 3274 presentia
486 3197 720 3276 comparerent,
737 3192 769 3257 in
788 3210 844 3258 ecs
861 3192 890 3257 si
906 3209 999 3256 secus
1016 3197 1151 3273 agerent
1168 3187 1427 3255 excommunica·

303 3298 401 3365 tionis
418 3287 625 3365 sententiam
637 3299 920 3383 promulgassent:
946 3298 1080 3365 tandem
1097 3297 1143 3362 ad
1158 3297 1334 3363 instantem
1351 3313 1427 3380 sup-

303 3405 519 3491 plicationem
538 3406 643 3490 ipsius
669 3404 824 3492 Episcopi
848 3425 915 3490 par
941 3405 1001 3472 fuit
1025 3406 1109 3472 inter
1125 3423 1181 3471 cos
1198 3404 1308 3470 taliter
1324 3401 1435 3502 refer-¹

304 3521 394 3579 mata
403 3563 411 3597 ,
430 3519 463 3579 et
477 3511 606 3579 firmata
622 3514 720 3580 etiam
738 3513 884 3581 eiusdem
900 3513 1056 3599 Episcopi
1071 3513 1271 3594 iuramento,
1299 3509 1429 3576 scilicet

306 3619 394 3701 quod
408 3618 522 3684 eodem
538 3620 667 3687 Abbate
683 3620 725 3686 ad
741 3623 971 3690 monasterium
988 3639 1080 3687 suum
1094 3619 1241 3706 plenarie
1264 3615 1427 3686 restitutor

306 3733 339 3792 et
354 3722 526 3810 pacificam
541 3724 645 3809 ipsius
660 3727 904 3810 possessionem
921 3727 1051 3812 adepto,
1069 3746 1232 3813 expensas
1249 3725 1313 3792 sibi
1328 3723 1428 3808 plene

305 3829 516 3918 persolveret,
534 3837 565 3895 et
581 3829 724 3916 dampna
740 3835 866 3916 omnia,
882 3853 944 3916 que
960 3841 1105 3918 tempora
1118 3831 1281 3900 discordie
1296 3849 1427 3897 monas·

307 3938 422 4005 terium
437 3936 587 4022 pertulit,
604 3937 810 4022 integraliter
827 3943 1022 4016 emendaret.
1040 3940 1166 4036 Eodem
1180 3940 1278 4024 igitur
1295 3939 1428 4004 Abbate

307 4047 400 4113 iuxta
416 4045 553 4111 formam
568 4047 662 4132 pacis
677 4047 720 4114 ad
735 4050 966 4118 monasterium
981 4050 1151 4134 restituto,
1178 4056 1212 4114 et
1234 4047 1290 4114 rix
1305 4043 1428 4112 ibidem

307 4136 478 4242 par'unius
494 4155 615 4221 mensis
625 4156 768 4242 spatium
778 4159 950 4242 existente,
960 4159 1120 4224 irruentes
1135 4157 1170 4223 in
1186 4177 1260 4224 aum
1276 4153 1338 4222 viri
1353 4151 1427 4219 abs·

308 4281 371 4347 que
395 4262 638 4348 misericordia,
662 4262 720 4330 filii
746 4267 917 4353 scelerati,
945 4267 1032 4350 quod
1056 4285 1120 4334 non
1136 4267 1259 4348 absque
1275 4261 1428 4330 amaritu-

310 4369 386 4437 dine
400 4369 519 4438 mentis
535 4371 724 4460 referimus,
749 4375 855 4461 ipsum
879 4375 1083 4442 interfectum
1100 4371 1230 4440 bestiali
1246 4391 1334 4438 more
1351 4389 1428 4438 cou-

311 4475 457 4548 ciderunt
471 4480 506 4546 in
521 4477 634 4560 frusta,
653 4489 685 4548 et
699 4489 735 4548 ut
749 4483 784 4551 in
800 4483 989 4552 excessibus
1006 4483 1073 4550 suis
1090 4479 1285 4548 excederent
1300 4479 1428 4546 univer-

312 4609 378 4675 sos,
393 4607 491 4655 unum
506 4587 547 4656 ds
563 4589 758 4676 hospitibus,
774 4591 817 4658 ad
832 4610 920 4674 quos·
930 4609 1011 4658 casu
1025 4589 1266 4671 declinaverat,
1283 4593 1317 4654 et
1331 4605 1430 4654 unum
