3010 5024
314 1065 376 1136 IV.
398 1061 527 1136 sardo
536 1066 630 1152 pdpu
646 1087 684 1129 uz
699 1066 882 1152 werpumi
896 1067 1085 1154 azeatp'duoa
1111 1066 1278 1132 raudieket
1292 1091 1312 1128 α
1325 1063 1414 1130 mala

623 1171 748 1258 fiesties
763 1171 829 1238 ulol
837 1171 1000 1258 jbbmeatu'.
1025 1175 1124 1244 1259.

421 1349 610 1420 Alexander
624 1351 808 1440 Episcopus
824 1357 886 1420 ete.
902 1349 1032 1421 dilectis
1048 1353 1124 1420 liliis
1151 1401 1159 1419 .
1176 1401 1186 1419 .
1205 1403 1214 1422 .
1238 1353 1380 1438 Magistro
1391 1353 1412 1414 et

315 1457 470 1529 iratribus
487 1459 670 1545 Hospitalis
687 1461 801 1528 Sanoti
816 1459 976 1548 Stephani
992 1461 1091 1548 Regis
1109 1462 1351 1548 strigoniensis,
1373 1455 1411 1523 Or-

315 1569 402 1638 dinis
419 1567 533 1637 Sanotl
548 1567 722 1652 Augustini
738 1570 877 1636 salutem
896 1576 956 1635 eto.
980 1571 1041 1637 Pia
1056 1571 1176 1638 mentis
1192 1577 1304 1638 vestre
1319 1566 1410 1634 arim

316 1696 499 1766 pauperum
518 1677 675 1766 laerynis
699 1677 840 1745 irrorata
866 1677 996 1745 molitur
1025 1677 1151 1764 jugiter
1177 1675 1342 1745 fructuosa
1365 1673 1410 1737 erl·

314 1791 413 1870 alere,
431 1785 554 1872 taliter,
570 1784 659 1872 quod
676 1783 831 1852 debilium
848 1783 1147 1872 opportunitatibus
1163 1785 1285 1854 adesse
1309 1801 1364 1849 non
1375 1777 1409 1843 le·

315 1893 422 1979 sinat,
440 1899 475 1962 et
490 1895 519 1961 sl
534 1893 580 1960 ad
595 1895 742 1982 ipsorum
759 1893 911 1962 solatium
937 1893 1073 1980 propria
1097 1891 1262 1960 interulam
1280 1889 1407 1966 defluunt

314 2003 535 2089 proximorum
550 2022 609 2091 pro
625 2005 674 2072 eis
686 2001 836 2071 subsidia
850 2007 921 2070 tota
936 2003 1054 2069 uirtute
1069 2001 1233 2087 imploret.
1249 1999 1316 2068 Nos
1330 2005 1408 2063 aulen

314 2111 463 2180 paritatis
479 2111 666 2198 hujusmodi
682 2118 848 2178 amatores
863 2111 1010 2198 paternis
1026 2107 1234 2196 amplexibus
1255 2107 1406 2192 amplexan-

314 2223 374 2304 tes,
390 2221 582 2307 Apostolioo
598 2219 693 2289 Sedis
710 2218 812 2287 ubera
827 2219 875 2285 sie
901 2219 1081 2286 elementer
1104 2217 1263 2286 exhibere
1288 2213 1407 2300 ouplnu

312 2329 348 2391 ut
363 2345 405 2392 ex
421 2327 470 2395 eis
486 2327 551 2395 sibi
566 2327 740 2414 proveniat
755 2325 953 2414 provisionis
971 2325 1146 2394 eonsilium
1161 2323 1326 2393 salutaris.
1351 2317 1406 2384 Clu

313 2431 425 2515 itaqua
441 2432 677 2519 hospitalitatis
693 2435 948 2520 observantiam,
974 2451 1049 2520 que,
1069 2439 1106 2500 ut
1121 2435 1298 2515 asseritur,
1324 2429 1351 2494 in
1370 2424 1406 2489 hu

314 2540 427 2632 spitali
450 2549 561 2610 uestro
588 2543 677 2610 eirea
702 2552 835 2612 ounotos
860 2544 1013 2616 ooutiuuo
1039 2549 1229 2628 exercetur,
1261 2537 1403 2608 facultates

314 2649 418 2737 ipsius
433 2659 578 2736 aequant
593 2655 753 2739 tolerare,
779 2671 840 2721 nos
856 2653 1008 2721 uolentes
1023 2659 1069 2737 ut,
1090 2657 1267 2738 propterea
1282 2641 1400 2736 speululit

313 2755 472 2827 benefloio
483 2761 595 2846 grauia
606 2758 791 2847 gaudeatis,
801 2759 1040 2842 uenerabilium
1051 2759 1186 2826 botrum
1197 2765 1404 2827 nostrorum.··

302 2865 492 2958 ''l'usoulani
507 2875 558 2935 ut.
578 2918 586 2936 .
604 2916 612 2934 .
630 2865 816 2936 Peneslrini
832 2867 1069 2955 Episcopomm
1086 2864 1363 2952 supplicationibus
1374 2855 1403 2920 iu·

314 2975 447 3061 elimati,
477 2974 565 3060 quod
580 2973 621 3043 de
637 2975 902 3063 possessionibus
927 2975 1049 3044 uostris
1073 2974 1236 3042 buomnus
1261 2963 1404 3057 aequisitit

313 3099 396 3165 quas
427 3083 568 3168 propriis
599 3085 750 3152 manibus
780 3091 838 3150 aut
878 3083 1065 3170 sumptibus
1102 3083 1210 3150 oolltis
1223 3135 1233 3171 ,
1273 3077 1344 3149 nulli
1373 3077 1403 3135 tu

314 3189 459 3257 neamini
475 3190 620 3258 deeimas
636 3191 793 3260 exhibere
802 3243 811 3278 ‚
838 3191 1033 3258 auctoritate
1049 3191 1143 3258 uobis
1168 3187 1357 3276 presentium
1375 3177 1405 3239 iss-

315 3295 495 3382 dulgemus.
519 3297 612 3366 Nulli
628 3303 690 3365 eto.
709 3306 820 3368 nostre
838 3297 1059 3366 oonoessionis
1076 3306 1136 3367 eta.
1153 3299 1276 3365 Datum
1290 3281 1405 3372 Annuit

315 3405 355 3473 V.
370 3405 449 3477 Idus
465 3405 658 3476 Deoembris
675 3405 903 3496 (Pontificatus
919 3407 1036 3495 nostri)
1052 3427 1138 3475 anuo
1155 3408 1277 3490 quinto.

636 3581 881 3656 (momerium.
905 3583 927 3639 1.
952 3583 981 3640 k.
1005 3585 1068 3642 242.
1090 3581 1122 3654 l.)
