3140 5044
664 251 826 352 gau-

694 727 772 792 111.

174 887 265 1002 Sepla
288 911 394 997 Voeyk
403 909 456 994 fla
470 863 613 994 Nerpues
622 905 731 992 fo'ldc't
746 929 768 971 o
783 905 891 989 kirulp
917 904 1088 990 enpedclrne
1105 905 1215 972 mellett
1224 959 1234 990 ,
1257 934 1296 974 oz

176 1021 359 1106 eszterpamr'
375 1016 577 1103 sb'kciptulau
598 1015 671 1080 elo'tt
689 1011 843 1097 beuallja,
875 1011 968 1074 Miko'
989 1011 1125 1099 zdlyomr'
1139 1016 1298 1100 ispu'rruok

563 1123 662 1188 Detre
669 1119 797 1204 fidaak.
815 1119 915 1185 1251.

616 1297 866 1366 ABCD

180 1569 183 1576 A
287 1479 471 1568 Phylippus
494 1478 685 1580 l’ropositus
711 1482 744 1543 et
769 1476 954 1562 Capitulum
980 1477 1217 1562 Strigonieosis
1243 1479 1303 1546 Elo-

183 1590 285 1658 olesie
325 1587 476 1656 omnibus
516 1592 685 1686 presentes
710 1586 838 1652 litteras
878 1582 1072 1669 inspecturis
1102 1587 1241 1656 salutem
1268 1585 1305 1654 in

183 1699 339 1766 Domino.
355 1693 483 1764 Noticie
500 1694 641 1762 omnium
657 1701 770 1760 tenore
785 1691 990 1777 presencium
1014 1690 1165 1764 dommus
1183 1692 1306 1780 signiti-

182 1807 345 1890 candum,
371 1801 459 1888 quod
484 1801 575 1888 Supk
589 1799 676 1868 filius
702 1799 817 1886 Vaoyk
834 1798 875 1867 de
892 1799 973 1870 villa
988 1799 1128 1881 Ztragar
1143 1799 1177 1867 in
1194 1810 1306 1869 nostra

183 1912 357 1998 presencia
373 1909 567 1996 constitutus
588 1907 758 1975 consessus
775 1913 845 1991 est,
871 1925 909 1972 so
924 1913 1045 1972 terram
1062 1926 1158 1975 suam
1174 1909 1305 1976 nomine

187 2023 348 2107 Nergnes,
365 2038 464 2101 quam
481 2036 522 2084 ex
538 2015 720 2084 donacione
735 2013 858 2101 domini
868 2015 949 2080 Bele
964 2013 1153 2100 Dcigracia
1165 2015 1307 2084 Illustris

186 2129 289 2213 Regis
314 2127 482 2212 Hungarie
507 2125 719 2212 possidebat,
743 2124 930 2193 vendidisse
957 2123 1064 2192 llicov
1090 2124 1156 2193 filio
1178 2125 1307 2212 Dytrioi

189 2234 309 2302 Comiti
324 2235 366 2301 de
383 2235 495 2302 Zolnm
520 2253 579 2318 pro
606 2239 732 2318 septem
754 2233 872 2299 mareis
888 2233 1036 2318 argenti,
1059 2242 1216 2320 perpetuo
1232 2251 1307 2318 pos·
1400 2233 1403 2238 ’

185 2340 375 2425 uidendam,
402 2347 436 2408 et
451 2341 557 2426 ipsam
582 2359 739 2406 summam
764 2337 901 2424 pecunie
918 2339 961 2404 ab
978 2339 1094 2406 eodem
1111 2341 1231 2426 Mycov
1247 2341 1306 2408 Oe

184 2451 261 2518 mite
276 2467 314 2514 ae
339 2448 487 2532 plenarie
512 2447 688 2532 recepisse.
715 2447 857 2514 Litteras
887 2447 992 2514 eciam
1010 2446 1131 2514 domini
1148 2449 1228 2515 Bele
1245 2448 1307 2516 Dei

184 2556 299 2642 gracia
316 2555 455 2622 Illustris
471 2553 570 2640 Regis
596 2553 764 2639 Hungarie
781 2573 877 2640 super
894 2553 1007 2622 eodem
1024 2553 1201 2624 contractu
1216 2574 1305 2624 rece·

185 2663 290 2750 pimus
306 2663 367 2730 aab
383 2662 446 2728 hac
463 2661 579 2728 forma.
625 2707 628 2714 -

293 2769 330 2834 B.
347 2765 411 2834 Dei
426 2765 540 2850 gracia
557 2765 629 2830 Rex
638 2764 817 2849 Hungarie,
827 2764 977 2833 fidelibus
987 2768 1055 2836 suis
1065 2770 1216 2854 capitulo
1227 2771 1306 2839 Stri-

186 2877 336 2966 gouiensi
370 2875 510 2942 salutem
535 2880 569 2939 ot
584 2872 742 2958 graciam.
760 2873 839 2940 (lum
856 2891 915 2940 nos
932 2874 1025 2959 Supk
1041 2879 1310 2963 concesserimus,

189 2991 225 3050 vt
239 2994 362 3050 terram
378 2999 471 3062 suam
497 2977 656 3065 Nergues3
674 2999 770 3063 quam
787 3000 828 3046 ex
843 2987 956 3048 nostra
971 2983 1152 3052 donacione
1167 2987 1312 3070 posside·

190 3110 260 3156 cum
270 3089 348 3171 bat,
383 3086 754 3154 venderetantummodo
764 3087 881 3172 Mycov
892 3089 1009 3158 Conciti
1019 3089 1060 3156 de
1075 3091 1186 3158 Zolum
1196 3095 1311 3178 possit,

188 3191 541 3284 precipimusfidelitati
551 3203 669 3271 vestre,
686 3202 858 3281 quatenus,
875 3197 956 3265 visis
972 3201 1184 3283 presentibus,
1201 3207 1311 3286 partes

188 3305 233 3372 ad
248 3323 309 3371 uos
318 3303 536 3388 accesserint,
560 3303 739 3390 predictum
749 3303 871 3370 lactum
883 3304 1000 3372 vestris
1014 3305 1132 3374 litteris
1143 3307 1309 3375 confirme-

190 3412 244 3478 tis.
260 3411 382 3478 Datum
399 3409 433 3474 in
448 3409 552 3476 Serus
568 3409 807 3477 leriasecunda
817 3416 894 3476 ante
905 3407 1023 3478 sestam
1039 3411 1151 3478 Sancti
1169 3415 1311 3483 Andros.

298 3517 336 3582 Iu
358 3515 448 3584 cuius
463 3515 511 3582 rei
538 3515 757 3584 testimonium
789 3515 832 3584 ad
860 3521 1048 3588 mandatum
1065 3519 1185 3588 domini
1201 3521 1310 3606 Regis,

192 3632 226 3692 at
242 3617 424 3708 supradicti
445 3621 539 3707 Supk
555 3623 771 3706 instanciam,
795 3623 901 3692 eidem
917 3627 1035 3712 Mycov
1050 3628 1167 3695 Oomiti
1181 3649 1312 3716 presen-

190 3741 240 3798 tes
272 3727 421 3796 dedimus
452 3730 581 3796 litteras
597 3729 698 3814 sigilli
724 3731 826 3798 nostri
850 3733 1025 3802 munimine
1049 3735 1229 3804 roboratas.
1244 3737 1309 3806 Da·

193 3847 262 3904 tum
278 3856 363 3902 anno
380 3835 513 3904 Domini
536 3837 709 3906 millesimo
724 3837 946 3908 ducentesimo
963 3839 1231 3928 quinquagesimo
1247 3845 1311 3930 pri·

193 3961 247 4009 mo
271 3962 330 4028 por
355 3963 473 4010 manus
488 3943 637 4030 Magistri
654 3946 745 4014 Pauli
762 3944 909 4014 hectoris
924 3946 1169 4032 strigoniensis.

301 4101 411 4169 lappae.
429 4100 560 4158 Eredetie
582 4103 650 4176 saep
662 4102 825 4176 bltrhutrtya,
839 4106 971 4176 melynek
996 4107 1054 4164 aloi
1067 4103 1217 4181 folhaJ'tott
1229 4109 1312 4167 hasa·

195 4186 329 4246 dekaibol
343 4193 427 4248 vltrlts
439 4191 593 4262 selycmrltl
618 4191 706 4272 1113ςῦ
720 4194 835 4266 peosete
847 4209 989 4268 ugyanaz,
1001 4195 1077 4268 moly
1089 4197 1313 4268 reznyomatbsu

196 4295 346 4354 smagyar
366 4279 527 4338 tuntnelmi
540 4281 643 4340 turbam
655 4283 688 4342 ll.
700 4284 745 4344 23.
758 4282 878 4343 lethale.
892 4284 989 4342 Saluta
1002 4291 1134 4344 metsaett
1146 4285 1231 4344 level.
1257 4303 1260 4310 ·

425 4403 466 4472 (Α
484 4404 591 4464 lassus
610 4406 806 4471 locuturum:
828 4409 891 4468 su.
905 4427 931 4469 n.
946 4409 971 4466 c.
986 4399 1081 4480 arcp.)
