3154 5030
286 983 357 1084 JV.
366 985 457 1052 Ioczs
464 987 634 1078 pdpdaok,
645 1011 667 1052 a
676 987 851 1076 oeszprtrnt
858 985 987 1073 ptupbk
997 988 1028 1052 dc
1042 987 1196 1080 kdptoloa
1214 1016 1230 1055 a
1245 1011 1417 1080 operum-

340 1090 439 1157 bolma'
451 1090 680 1178 opdtsdplcbzta'
688 1113 780 1179 perce
794 1101 893 1179 bpyre
903 1093 1087 1180 oonatkoad,
1097 1097 1258 1164 rmdetete.
1275 1099 1373 1165 1244.

401 1269 608 1340 Innocentius
624 1271 805 1360 Episcopus
821 1291 937 1342 servus
958 1293 1125 1342 serrorum
1141 1276 1204 1344 Dei
1220 1275 1418 1344 venerabiii-

294 1379 356 1449 bns
385 1377 541 1446 iratribus
588 1429 595 1445 .
629 1430 636 1446 .
672 1429 679 1447 .
716 1379 974 1469 Archiepiscopo
1014 1382 1234 1468 strigoniensi
1278 1391 1311 1450 et
1341 1433 1350 1449 .
1375 1433 1418 1450 ..

295 1486 461 1574 Episcopo
492 1487 669 1574 Nitriensi,
694 1496 727 1556 et
758 1488 878 1559 dilecto
907 1489 974 1558 filio
1014 1491 1235 1558 ...Abbati
1264 1491 1305 1559 de
1329 1491 1419 1560 PeIIs

293 1592 426 1664 Ordiuis
450 1595 714 1666 cisterciensium
747 1597 998 1684 vesprimiensis
1039 1601 1189 1668 Diooesis
1220 1599 1421 1668 salutemet

293 1703 519 1790 Apostolicam
536 1703 806 1772 benedictionem.
819 1705 869 1771 Ex
884 1713 980 1792 parte
995 1707 1187 1774 dilectorum
1197 1705 1332 1775 filiorum
1350 1707 1419 1774 Ab·

293 1813 380 1880 batIs
397 1819 430 1879 et
454 1813 640 1882 Conventus
663 1811 855 1880 Monasterii
880 1815 922 1881 de
947 1815 1117 1882 Pannonia
1142 1812 1275 1882 Ordinis
1304 1813 1420 1882 Sancti

293 1918 464 1988 Benedicti
479 1919 575 1988 nobis
591 1919 698 1988 extitit
714 1919 907 2008 intimatum,
925 1920 1012 2006 quod
1028 1941 1099 1988 cum
1111 1921 1175 2007 ipsi
1191 1931 1305 1988 contra
1320 1939 1420 1988 uene·

293 2028 431 2096 rabilem
447 2027 582 2096 fratrem
612 2035 758 2096 nostrum
790 2029 985 2114 Episcopum
1012 2035 1044 2094 et
1069 2027 1254 2114 Capitulum
1286 2029 1419 2115 Vespri-

294 2137 418 2204 miense
433 2156 532 2224 super
556 2136 739 2204 Ecclesiam
765 2137 876 2205 Sancti
901 2137 1085 2206 Saluutoris
1102 2138 1142 2205 de
1158 2137 1268 2206 'Iordir
1285 2137 1419 2223 Vespri-

294 2245 430 2314 miensis
456 2244 607 2314 Diocesis
632 2245 676 2312 ad
692 2265 802 2316 eorum
827 2245 1059 2312 monasterium
1089 2245 1272 2333 pertinente
1288 2246 1332 2313 ud
1348 2265 1418 2313 cer·

293 2361 345 2422 tos
362 2352 485 2421 iudices
501 2353 708 2440 Apostolicss
719 2353 849 2422 littcros
860 2356 1111 2440 impetrassent,
1134 2373 1268 2438 quorum
1285 2358 1419 2424 nomios

293 2461 471 2531 monachus
481 2461 627 2532 eiusdem
638 2463 839 2551 monasterii,
849 2481 946 2547 quem
956 2462 1057 2548 ijdem
1068 2461 1179 2529 Abbas
1191 2463 1419 2532 etOonventus

293 2591 353 2657 pro
369 2571 437 2639 suis
453 2571 594 2657 negotiis
609 2571 653 2638 :td
669 2573 788 2640 Scdem
806 2569 1029 2657 Apostolicam
1040 2569 1254 2652 destinarunt,
1271 2589 1308 2637 se
1324 2570 1419 2656 igno·

292 2697 367 2746 rare
382 2677 523 2756 dicebat,
535 2697 606 2746 cum
622 2678 751 2762 litteris,
767 2679 801 2744 io
818 2678 935 2761 quibus
952 2679 1084 2745 nomina
1100 2676 1349 2746 continebantur
1359 2697 1415 2745 eo·

293 2805 374 2870 rum,
391 2791 424 2852 et
439 2785 514 2852 aliis
529 2784 626 2854 rebus
636 2786 705 2854 suis
716 2785 982 2854 fueritveniendc
993 2785 1037 2854 ad
1048 2785 1167 2854 Sedem
1182 2785 1418 2870 Apostolicam,

294 2894 379 2968 siout
393 2895 522 2971 asserit,
549 2894 728 2982 spolietus;
753 2901 784 2960 et
809 2914 881 2961 cunr
913 2895 1034 2963 diutius
1065 2915 1176 2962 coram
1199 2895 1248 2962 eis
1264 2894 1298 2960 in
1314 2913 1419 2960 cause

294 2999 410 3068 suisset
426 3002 608 3069 litterarum
634 2999 778 3088 ipsarum
794 3001 988 3070 auctoritato
1012 3021 1219 3087 processum,
1244 3002 1322 3086 quia
1337 3001 1418 3068 dicti

293 3109 419 3179 iudices
444 3109 573 3178 fuerunt
589 3131 610 3177 a
624 3109 774 3178 'feriaris
800 3095 980 3198 interfecti,
1006 3129 1108 3178 causa
1136 3111 1211 3196 ipsa
1227 3129 1292 3175 non
1310 3108 1419 3195 potuit

292 3217 355 3286 fine
375 3215 484 3288 debito
508 3219 685 3286 terminari.
702 3219 863 3300 Quocirca
882 3219 1070 3288 discretioni
1080 3227 1188 3285 vestre
1207 3217 1417 3304 perAposto-

292 3327 358 3396 lica
381 3326 506 3414 scripta
524 3329 740 3412 mandemus,
771 3333 950 3412 quatenus,
975 3328 1005 3394 si
1021 3335 1072 3395 est
1098 3327 1154 3411 ita,
1173 3327 1205 3394 in
1222 3343 1325 3393 causa
1340 3326 1419 3412 ipsa

293 3435 450 3504 dictorum
466 3435 606 3504 iudicum
632 3436 778 3522 legitimo
803 3443 935 3505 servato
962 3453 1132 3521 processu,
1158 3434 1285 3524 ratione
1300 3435 1419 3519 previa

293 3543 480 3630 procedetis
495 3547 589 3613 iuxta
603 3545 746 3632 priomm
759 3543 993 3612 contiuentiam
1003 3542 1194 3612 litterarum.
1209 3539 1334 3621 Quodsi
1350 3561 1416 3608 non

294 3671 407 3721 omnes
422 3651 473 3721 his
490 3653 691 3740 exequendis
708 3654 858 3741 poteritis
884 3653 1055 3737 interesse,
1073 3651 1136 3720 duo
1152 3657 1296 3718 vestrum
1312 3668 1355 3716 ea
1369 3648 1418 3714 ni-

293 3760 469 3830 hilominus
484 3771 695 3846 exequantur.
711 3761 834 3831 Datum
860 3761 1009 3848 Lugduni
1024 3762 1117 3830 XIII.
1135 3759 1301 3828 iraiendas
1316 3759 1417 3828 anu-

293 3869 357 3939 arii
371 3869 583 3940 Pontificatus
598 3872 701 3942 nostri
715 3891 801 3939 auno
818 3871 973 3940 secundo.

458 4029 602 4102 (Eredstie
615 4029 859 4091 assent-mdrtoni
873 4027 1027 4104 toapttstg
1039 4025 1259 4099 lsvtrttrtbsn.)

722 4329 986 4349 m
