3220 5058
236 1004 340 1072 Daca
363 1002 466 1070 addar
479 1001 592 1070 Pateat
616 1002 768 1090 belysdpct
782 1023 803 1065 a
815 1001 1048 1088 pannondalma‘
1066 1005 1271 1092 apocopam
1293 1006 1365 1072 irat

701 1111 893 1196 me9.1236.

344 1285 515 1356 Dionisius
530 1287 594 1355 Dei
615 1284 730 1372 gracia
744 1287 915 1355 Palatinus
941 1291 974 1354 ct
998 1285 1115 1358 Oomes
1129 1290 1362 1380 Bycboricnsis

167 1431 169 1438 ν
235 1395 397 1464 uniuersis
422 1412 559 1481 presens
583 1395 738 1482 scriptum
762 1394 961 1482 ,inspecturis
986 1397 1126 1466 salutem
1150 1399 1184 1464 in
1209 1400 1361 1469 Domino.

237 1501 467 1572 Vniuersorum
482 1499 602 1570 noticie
617 1503 767 1571 uolumus
784 1503 990 1589 clarescere,
1016 1503 1105 1586 quod
1125 1524 1196 1572 cum
1211 1507 1361 1576 Andreas

235 1612 321 1680 lilius
339 1610 447 1695 Etbey
455 1659 465 1694 ,
496 1617 529 1680 et
544 1610 642 1678 Petur
656 1607 743 1676 filius
759 1609 937 1698 Seraphini
953 1613 1183 1682 conuenissent
1197 1611 1360 1684 Abbatem

236 1719 350 1788 Sancti
366 1717 500 1786 Martini
523 1719 557 1784 iu
582 1723 696 1788 nostra
718 1719 891 1805 presencia
906 1736 1004 1805 super
1019 1715 1160 1801 quodam
1176 1720 1289 1806 predio
1304 1741 1360 1788 no-

234 1829 320 1896 minc
344 1826 462 1894 Petent
471 1874 479 1908 ,
505 1831 693 1892 asserentes
710 1822 797 1908 quod
812 1823 900 1892 idem
915 1821 1061 1912 predium
1078 1833 1277 1893 memoratus
1292 1828 1360 1894 Ab·

234 1935 296 2002 bss
311 1938 508 2017 occupasset
522 1932 660 2016 iniuste,
685 1935 831 2020 prefatus
855 1931 971 1999 Abbas
994 1931 1195 2019 sepedictum
1210 1934 1360 2020 predium

233 2041 385 2130 probauit
400 2039 587 2108 testimonio
609 2039 783 2108 multorum
808 2039 1115 2126 instrumentorum,
1140 2043 1227 2124 qnod
1251 2042 1359 2128 ipsum

232 2149 382 2235 predium
397 2146 461 2214 sibi
476 2145 593 2214 fuisset
608 2149 779 2216 astrictum
795 2167 855 2234 por
870 2146 1026 2216 iudicium
1043 2153 1183 2234 quatuor
1192 2151 1358 2220 Palatino·

234 2275 323 2340 rum,
338 2255 467 2322 scilicet
481 2251 638 2322 Potbcnis
647 2303 656 2339 ,
672 2255 837 2322 Banconis
846 2305 855 2340 ,
871 2255 946 2322 Jule
963 2259 996 2320 et
1009 2253 1140 2328 Nicolni
1148 2304 1158 2339 ‚
1184 2263 1285 2342 atque
1299 2278 1359 2344 per

233 2363 449 2430 iustrumenta
464 2380 562 2448 supra
578 2363 711 2450 scripta,
730 2382 864 2447 quorum
879 2361 1066 2449 prestnldos
1082 2363 1287 2450 exprimebat
1301 2387 1358 2434 no-

233 2469 390 2538 minatim.
415 2470 520 2554 Igitur
543 2489 605 2537 nos
630 2489 701 2536 cum
726 2471 1022 2554 interrogassemus
1040 2468 1188 2554 prolatos
1204 2471 1243 2536 Α.
1262 2478 1295 2539 et
1309 2473 1357 2558 P.,

235 2583 339 2644 utrum
355 2577 477 2644 nebant
492 2577 567 2663 ipsa
581 2577 796 2647 instrumenta
811 2577 988 2646 falsificare
1004 2595 1065 2645 nec
1080 2595 1134 2663 ne,
1151 2577 1253 2666 ijdcm
1269 2580 1357 2648 nullo

232 2683 329 2756 modo
351 2692 621 2774 presumpserunt
646 2686 727 2772 ipsis
745 2685 967 2754 instrumentis
984 2685 1156 2752 conoaue.
1189 2685 1283 2754 Vnde
1298 2705 1357 2756 nos

232 2793 424 2882 prelibatum
449 2794 600 2881 predium
624 2795 848 2882 suprascripto
871 2793 996 2862 Abbati
1011 2790 1271 2862 adiudicauimus
1286 2813 1356 2880 per-

232 2909 331 2990 petno
339 2900 583 2989 possidendum,
598 2902 662 2970 nisi
678 2902 762 2970 forte
777 2900 937 2988 procedat
951 2922 994 2968 ex
1009 2902 1179 2968 uoluntate
1189 2920 1260 2988 sna,
1271 2905 1359 2986 quod

231 3009 338 3098 ipsum
352 3009 502 3097 predium
517 3010 619 3076 uellet
634 3009 835 3078 uenumdare
852 3009 906 3078 uel
920 3009 1093 3078 restituere
1103 3009 1151 3076 cis
1161 3029 1220 3095 pro
1231 3027 1358 3079 summa

231 3115 370 3202 pecunie
384 3115 420 3184 in
434 3115 632 3201 supradictis
648 3115 871 3186 instrumentis
888 3135 1057 3204 expressa
1081 3117 1120 3184 In
1136 3117 1228 3184 cuius
1244 3115 1292 3184 rei
1308 3123 1356 3184 to·

232 3223 415 3294 stimonium
429 3229 600 3312 presentes
614 3223 742 3294 litteras
757 3231 872 3294 norbo
897 3225 1009 3310 sigillo
1036 3227 1177 3292 munitas
1195 3224 1356 3294 concessi·

234 3351 315 3402 mus.
332 3331 453 3404 Datum
468 3331 562 3400 Budo
577 3349 664 3400 anno
679 3331 811 3402 Domini
825 3328 1132 3402 M⁰oc⁰xxx⁰ma

348 3553 350 3556 ’
390 3542 542 3632 'turstenc
555 3559 573 3602 a
586 3543 801 3606 ssent-mtrtoni
812 3540 965 3616 roaptutg
977 3537 1198 3610 levdctrtbm.)

673 3818 883 3833 n—nu--c--n
