3210 5018
274 1197 333 1263 IX.
349 1191 485 1282 Gerpely
493 1193 586 1280 pdpa
602 1189 789 1266 kdoatduok,
808 1209 829 1254 u
839 1188 989 1275 panemo·
996 1185 1183 1274 puapblouek
1197 1185 1392 1276 maginppju,

273 1303 352 1391 bopy
364 1305 386 1368 Ι
389 1303 425 1368 V.
437 1297 519 1366 Buta
528 1297 649 1385 birdlyt
659 1299 893 1384 Bolpawrssdp
902 1293 1138 1383 &optaturum
1152 1293 1394 1402 iudttsu.1238.

385 1603 563 1690 Gregorius
573 1601 758 1689 Episcopus
769 1609 831 1669 ete.
847 1602 1030 1670 venerabili
1046 1602 1139 1671 fratri
1208 1651 1215 1667 .
1232 1597 1396 1689 Episcopo

276 1711 434 1780 Perusino
460 1711 601 1778 salutem
618 1715 679 1776 eto.
704 1706 890 1778 deuotionis
904 1716 960 1776 tue
974 1711 1102 1776 litteras
1117 1709 1257 1791 benigne
1273 1709 1397 1792 reoepi·

277 1839 357 1904 mus,
374 1825 408 1910 et
422 1817 568 1906 ipsarum
583 1823 730 1884 tenorem
745 1817 967 1884 intelleximus
983 1813 1168 1900 diligenter.
1184 1816 1334 1882 deserum
1344 1831 1396 1880 su·

277 1925 436 2013 peruiis,
462 1945 525 2008 que
542 1923 793 1990 eontinebantnrw
806 1924 840 1988 in
856 1922 980 2000 eisdem
997 1923 1122 2008 literis,
1147 1941 1218 1988 enm
1244 1921 1397 2000 frutribus

276 2034 395 2102 nostris
411 2031 648 2118 deliberatione
662 2029 778 2096 habita
795 2028 953 2116 diligenti,
970 2029 1012 2098 de
1029 2031 1172 2116 ipsorum
1188 2028 1325 2096 oonsilio
1345 2047 1396 2094 ua-

276 2138 407 2208 rissimo
423 2137 457 2204 in
473 2136 601 2204 Obrisio
618 2132 686 2202 lilio
702 2143 813 2204 nostro
830 2183 838 2200 .
856 2183 865 2200 .
882 2183 890 2201 .
915 2136 1039 2204 illustri
1055 2137 1140 2222 'Regi
1156 2133 1305 2222 ngarie
1321 2135 1398 2202 diri·

156 2311 159 2316 .
278 2247 385 2330 gimm
401 2243 524 2330 scripta
537 2244 887 2328 nostra,'obseerantes
904 2245 1013 2328 ipsum
1030 2247 1228 2330 perPatrem
1239 2243 1398 2323 etlilium

279 2361 312 2420 et
328 2352 481 2438 Spiritum
497 2352 664 2434 Seuerum,
681 2369 722 2416 ao
736 2369 796 2438 per
812 2347 1097 2436 sauguinemss'desu
1108 2350 1242 2438 Christi,
1258 2360 1294 2418 ut
1309 2369 1400 2434 exur-

280 2467 339 2547 gat
353 2461 387 2530 in
403 2459 598 2528 adiutorium
614 2457 737 2556 Christi
753 2455 801 2524 sui
809 2505 820 2539 ,
835 2466 975 2542 exurgat
990 2456 1033 2525 ad
1050 2459 1283 2526 contritionem
1299 2458 1400 2544 natio·

281 2570 333 2636 nis
358 2587 459 2653 prave
475 2573 583 2650 ‘atque
598 2583 769 2650 perverse,
787 2585 849 2649 que
866 2564 981 2633 multis·
992 2565 1129 2634 insultat
1145 2567 1331 2654 opprobriis
1346 2585 1403 2632 no·

282 2675 360 2744 mini
376 2675 579 2760 Christiano,
596 2679 709 2740 oonba
724 2673 880 2760 perfidum
895 2675 1060 2742 lasanum
1076 2681 1110 2742 et
1124 2683 1244 2742 terrum
1260 2673 1402 2740 suumin

283 2785 360 2852 lorti
374 2803 473 2851 manu
488 2791 521 2847 et
537 2789 671 2851 extento
685 2782 827 2866 brachio,
843 2790 938 2868 prout
953 2783 1049 2850 decet
1064 2785 1220 2868 Regalem
1232 2781 1402 2849 Excellen-

284 2893 364 2958 tiam
381 2913 417 2958 se
433 2891 620 2974 uooingeus.¹
643 2889 713 2956 Nos
738 2890 824 2956 enim
842 2891 935 2957 illam
951 2893 986 2958 ei
998 2899 1032 2958 et
1047 2889 1207 2974 universis
1223 2909 1301 2956 vere
1316 2885 1404 2976 peni·

284 2997 424 3066 tentibus
441 3005 474 3064 et
490 2997 660 3082 confessis,
686 2998 742 3081 qui
761 2998 907 3064 laborem
923 2997 1109 3083 hujusmodi
1124 2999 1159 3064 in
1174 2997 1317 3083 propriis
1333 3011 1403 3082 per·

286 3108 376 3174 sonis
392 3106 550 3172 subierint
566 3112 598 3172 et
613 3105 785 3190 expensis,
798 3089 1033 3190 indulgentiam
1051 3107 1233 3191 elargimur,
1254 3123 1317 3189 que
1332 3121 1405 3168 oon·

285 3214 410 3283 oeditur
433 3213 677 3282 transeuntibus
692 3214 725 3280 in
741 3213 920 3281 subsidium
944 3221 1030 3282 terre
1056 3215 1195 3300 Suuote,
1221 3235 1262 3282 ao
1286 3211 1405 3278 terrum

284 3323 387 3410 ipsius
405 3323 526 3389 Assaui
544 3321 737 3406 exponimus
754 3319 900 3406 predicto
917 3321 1000 3406 Regi
1015 3329 1049 3387 et
1066 3321 1141 3390 aliis
1158 3321 1336 3390 Outholiois
1352 3337 1404 3384 oo

275 3429 489 3520 'oupandam,
506 3435 601 3514 prout
616 3419 770 3496 statutum
788 3435 838 3493 est
852 3428 886 3493 in
903 3428 1049 3521 (louoilio
1065 3427 1222 3513 generali.
1253 3427 1302 3492 Tu
1327 3443 1405 3492 uero

287 3546 442 3619 tanquam
459 3537 508 3603 vir
523 3539 664 3620 prudens
681 3543 714 3603 ei
729 3536 886 3624 providus
903 3526 990 3622 apud
1007 3536 1144 3616 eundem
1160 3537 1351 3622 Regem,·ut
1366 3551 1406 3599 ex
1465 3594 1466 3597 ,

288 3645 395 3710 auimo
411 3652 558 3709 assumat
572 3647 736 3728 negotium
749 3647 844 3728 qussi
853 3647 1018 3733 proprium
1029 3663 1227 3732 prosequens
1238 3647 1407 3723 interesse,

289 3747 467 3816 seeundum
483 3749 594 3816 datum
610 3752 670 3816 tibi
686 3773 707 3816 a
723 3753 794 3817 Deo
810 3755 949 3836 glutiam
968 3754 1072 3822 modis
1098 3753 1265 3836 omuibus,
1293 3751 1407 3836 quibus

289 3865 382 3945 potes
399 3855 576 3924 elfieaoiter
592 3859 776 3943 elaborans,
794 3859 876 3925 illud
885 3861 967 3943 Regi
977 3859 1105 3944 prelato
1122 3863 1271 3946 imponas
1287 3856 1321 3922 in
1336 3875 1409 3925 ssuo¹

290 3984 360 4032 rum
375 3958 503 4034 venium
520 3973 738 4049 peccatorum.
773 3966 898 4045 Quodsi
913 3968 1081 4053 predictus
1096 3967 1168 4033 Rex
1184 3965 1409 4032 difficultatem

290 4075 323 4140 in
338 4073 400 4139 hoe
417 4073 561 4156 aliquam
579 4073 770 4159 adhiberet,
797 4076 825 4142 si
851 4076 936 4142 alias
953 4075 996 4142 ad
1011 4075 1073 4143 hoo
1089 4075 1197 4142 induci
1212 4094 1278 4141 nou
1293 4071 1407 4160 possit,

197 4246 202 4255 ,
289 4199 404 4246 seeure
419 4181 591 4263 promittas
608 4179 638 4246 ei
655 4201 695 4248 ex
711 4187 807 4266 parte
822 4188 955 4266 nostra,
969 4179 1067 4266 [quod
1082 4201 1142 4264 uos
1159 4183 1207 4249 sio
1222 4177 1408 4266 proourabi-

291 4306 361 4352 mus
376 4285 515 4353 Domino
531 4287 694 4372 ineunte,
711 4290 797 4370 quod
814 4289 944 4356 omnino
960 4292 993 4356 in
1008 4291 1070 4356 bao
1086 4296 1181 4376 parte
1198 4289 1265 4356 suis
1282 4287 1410 4355 deside·

291 4391 349 4459 riis
365 4391 521 4480 satisfiet,
546 4399 579 4458 et
593 4393 681 4477 qnod
698 4395 839 4462 intendit
855 4395 942 4463 lioite
959 4395 1081 4480 poterit
1096 4413 1256 4480 oooupare
1272 4413 1312 4460 ae
1327 4413 1412 4462 sana

291 4497 494 4564 conscientia
524 4501 674 4566 retinere.
705 4501 825 4594 Datum
856 4503 1012 4571 Laterani
1043 4503 1097 4570 VI.
1129 4503 1198 4569 kal.
1227 4501 1411 4586 Februarii,

291 4599 514 4692 (Pontificatus
529 4605 646 4696 nostri)
662 4627 747 4677 anno
760 4609 820 4677 XI.
