3140 5044
258 1002 319 1066 IV.
336 1001 425 1066 lacae
434 1004 527 1086 po'po
542 1024 563 1064 u
581 999 724 1066 bolocsoc'.
738 999 826 1063 creole
851 997 933 1066 oleat
948 1001 1197 1088 Mapyarorsadq
1206 999 1382 1090 fdpopjuit

249 1108 439 1196 felczdlitjo‚
459 1107 538 1194 boqy
562 1108 639 1173 bodi
664 1109 781 1200 lcdltcep
789 1105 919 1193 fejdbeu
943 1129 981 1172 oz
1005 1108 1161 1196 aquilojui
1170 1109 1375 1194 potr-iureiu-

257 1219 374 1283 tusculo
392 1217 535 1281 doeokiot
562 1217 652 1280 2000
674 1215 1081 1314 ocbotqirdvol,eopitaeqdre
1100 1215 1256 1304 legonus.
1278 1219 1378 1282 1250.

365 1393 573 1461 Innocentius
590 1393 772 1480 Episcopus
783 1402 844 1461 etc.
857 1395 1036 1462 venerabili
1052 1393 1146 1461 fratri
1169 1441 1178 1460 .
1203 1444 1210 1459 .
1234 1443 1242 1459 .
1266 1394 1381 1461 Archi-

258 1503 414 1589 episcopo
431 1498 603 1568 colocensi
619 1503 757 1568 salutem
776 1509 838 1568 etc.
858 1502 999 1590 Sortitur
1022 1502 1165 1586 genitrix
1188 1500 1381 1568 discrimina

260 1607 381 1677 sobolis
399 1615 432 1674 et
452 1607 592 1674 materni
608 1607 774 1695 dispendii
796 1607 882 1676 filius
898 1615 1029 1676 nonest
1045 1628 1175 1696 expers,
1192 1609 1296 1676 nativi
1311 1612 1382 1692 qui-

258 1716 333 1784 dem
354 1715 491 1784 affectus
502 1715 623 1786 sederis
633 1718 866 1803 prosperitatis
877 1719 940 1790 sibi
957 1721 1174 1787 communicat
1188 1726 1223 1786 et
1238 1718 1384 1787 adversi·

258 1824 339 1890 tatis
355 1832 503 1893 euentus.
518 1824 555 1892 Si
570 1821 649 1910 ergo
665 1827 785 1894 amoris
796 1825 898 1894 innati
910 1827 1028 1916 copula
1043 1828 1203 1912 reliquum
1217 1826 1383 1913 passionis

258 1933 393 1999 alterius
405 1932 513 2001 reddit
531 1929 758 2017 compassione
768 1935 971 2020 participem,
983 1935 1082 2002 solvit
1091 1941 1210 2001 natura
1218 1934 1383 2002 vinculum

258 2041 287 2108 si
304 2059 387 2107 unus
404 2039 540 2136 alterius
565 2041 759 2123 gravamina
783 2061 849 2106 non
864 2041 1022 2126 partitur:
1048 2043 1081 2108 in
1097 2042 1254 2110 auxilium
1270 2043 1384 2124 itaque

258 2147 437 2233 indigentis
451 2137 510 2212 filii
525 2146 646 2214 debent
657 2149 771 2216 matris
787 2133 968 2218 exuberare
983 2148 1150 2234 suffragia,
1168 2156 1201 2217 et
1216 2149 1250 2218 in
1265 2151 1381 2216 matris

258 2257 386 2338 egentis
411 2246 591 2322 subsidium
617 2255 717 2322 debet
731 2275 791 2322 sue
806 2257 1037 2343 possibilitatis
1060 2263 1208 2324 extrema
1224 2255 1309 2322 tilius
1324 2277 1383 2323 ex·

260 2360 370 2448 periri.
388 2360 477 2428 Sane
502 2357 652 2430 Romana
670 2363 837 2454 *Ecclesia
855 2385 918 2449 que
934 2371 1038 2432 mater
1053 2365 1137 2452 iuter
1152 2365 1238 2430 alias
1254 2363 1381 2431 obtinet

261 2459 381 2556 Divina
396 2467 598 2535 institutione
609 2467 793 2554 primatum,
811 2491 870 2556 pro
887 2471 1003 2556 tuitinc
1018 2469 1095 2540 tidei
1111 2479 1144 2538 et
1154 2460 1380 2539 eeclesiastico

259 2573 420 2642 libertatis
432 2582 549 2644 coacta
560 2583 611 2643 est
620 2567 752 2646 diuersa
762 2585 794 2644 et
805 2579 1025 2666 importabilia
1031 2578 1140 2646 subire
1150 2599 1251 2646 onera
1261 2598 1381 2665 expeu-

259 2675 382 2767 sarum,
396 2683 585 2766 quibuscum
597 2683 743 2752 sufficere
753 2692 897 2768 nequent
906 2705 965 2772 per
980 2705 1018 2754 se
1030 2686 1145 2772 ipsam,
1162 2687 1383 2772 quamplures

259 2791 410 2858 Preietos
426 2799 459 2858 et
474 2790 558 2860 alios
571 2792 659 2860 viros
669 2780 911 2861 ecclesiasticos
921 2814 979 2879 pro
989 2793 1169 2880 prestando
1185 2792 1246 2860 sibi
1256 2793 1379 2887 auxilio

258 2899 438 2981 requisivit.
463 2899 606 2978 Quorum
630 2902 775 2967 nonnulli
797 2907 956 2984 tauquam
981 2901 1041 2968 filii
1055 2901 1119 2968 fide
1150 2921 1190 2967 ac
1206 2901 1380 2968 deuotione

260 3011 435 3092 feruentes,
452 3008 500 3075 sio
515 3027 574 3093 pro
590 3008 693 3092 ipsius
709 3007 831 3076 bonore
848 3027 1006 3093 personas
1024 3017 1056 3078 et
1072 3028 1125 3077 res
1142 3018 1304 3094 exponere
1320 3029 1375 3076 ou·

258 3123 435 3202 raverunt,
460 3114 547 3198 quod
570 3123 704 3202 propter·
728 3116 915 3202 impendia,
931 3135 1006 3200 que
1031 3124 1067 3185 ut
1083 3117 1180 3184 matri
1195 3124 1380 3203 opportuna

260 3229 395 3312 possent
419 3215 539 3290 adesse
549 3273 558 3309 ,
584 3224 743 3308 suffragio
769 3225 907 3308 subiere,
924 3225 1138 3311 oportuit-eos
1154 3244 1290 3310 gravem
1306 3243 1379 3291 seu-

263 3334 325 3400 tire
341 3332 503 3404 sarcinam
520 3331 721 3418 debitorum
746 3333 904 3418 aquibus,
915 3333 979 3400 nisi
989 3353 1048 3418 per
1057 3333 1161 3418 ipsius
1176 3333 1290 3399 matris
1304 3351 1376 3424 pru-

258 3438 403 3506 dentiam
420 3441 624 3520 releventur,
650 3439 828 3508 verendum
845 3448 914 3524 est,
940 3461 981 3508 ne
997 3439 1236 3508 absorbeantur
1250 3440 1378 3530 penitus

260 3547 418 3632 voragine
435 3565 612 3612 usurarum.
631 3549 752 3614 Verum
769 3549 853 3613 inter
869 3555 994 3615 ceteros
1011 3549 1097 3614 orbis
1113 3550 1266 3615 Prolatos
1282 3565 1377 3613 vene·

259 3653 374 3719 rabilis
391 3653 492 3720 frater
507 3663 617 3721 noster
649 3704 657 3721 .
676 3702 684 3720 .
701 3703 709 3720 .
727 3653 919 3728 Patriarcha
944 3655 1163 3744 Aquileiensis
1189 3655 1293 3741 ipsius
1317 3654 1376 3719 Eo·

266 3760 370 3826 clesio
383 3761 472 3826 velut
502 3763 639 3829 deuotus
654 3763 811 3840 Antistes,
830 3764 1019 3850 specialiter
1034 3763 1139 3830 astitit
1149 3769 1181 3829 et
1191 3767 1377 3829 constanter

263 3868 333 3934 eius
344 3867 491 3935 hostibus
501 3870 693 3956 resistendo,
703 3873 759 3956 qui
769 3871 1011 3956 Aquileiensem
1022 3869 1207 3939 Ecclesiam
1217 3870 1251 3936 in
1266 3867 1376 3936 matris

260 3975 356 4060 quasi
372 3972 479 4041 odium
499 3975 598 4042 filium
624 3988 868 4063 persequentes,
884 3981 1014 4065 guerris
1030 3978 1190 4046 continuis
1207 3977 1379 4063 impetunt,

261 4088 294 4147 et
310 4083 402 4148 illam
419 4084 535 4150 castris
553 4091 584 4150 et
608 4085 683 4151 aliis
708 4087 776 4153 suis
803 4085 1039 4154 munitionibus.
1060 4078 1240 4166 damnabili
1257 4080 1377 4150 sollici·
1500 4138 1503 4142 .

260 4188 371 4256 tudine
388 4197 562 4274 satagunt,
587 4211 627 4257 ac
643 4193 720 4258 totis
737 4191 911 4259 elaborant
927 4193 1054 4286 viribus
1067 4190 1243 4258 dcmuuirc.
1261 4187 1375 4256 Adho-

259 4316 328 4363 rum
345 4297 505 4393 siquidem
532 4301 694 4384 malignos
720 4307 856 4367 conatus
872 4299 1069 4368 resistentiis
1085 4295 1262 4383 reciprocis
1277 4295 1376 4380 repri-

259 4405 397 4471 mendos
422 4405 507 4471 idem
536 4405 726 4476 Patriarcha
750 4407 888 4476 uiriliter·
903 4427 940 4475 se
956 4395 1143 4492 accingens,
1169 4401 1327 4472 maximos
1343 4407 1377 4468 et

259 4509 469 4586 inevitabiles
480 4521 626 4601 sumptus
641 4513 783 4601 incurrit3
807 4515 1052 4604 propterquod,
1070 4533 1141 4580 oum
1159 4509 1376 4578 Ecclesiesue

260 4637 324 4684 non
342 4626 518 4704 suppetunt
527 4621 712 4704 facultates,
729 4641 850 4708 magna
867 4629 901 4689 et
915 4615 1033 4708 grauia
1048 4621 1159 4690 debita
1175 4617 1217 4682 de
1232 4614 1374 4683 uecessi-
