3210 5018
682 333 833 432 „lh

191 529 255 604 (rx.
269 527 398 602 eogery
411 529 487 602 popa
499 497 1113 602 ngosmibolsbeinorid.m.1.k.1ei.1.
1140 537 1168 594 n
1180 536 1314 611 pepon

193 620 243 678 lv,
258 617 329 678 Bdla
342 619 494 692 kirdlyboz
509 622 630 714 inteaett
642 621 735 702 levale
748 620 897 676 olvasbetd
909 619 1040 715 Pejdrndl
1053 613 1120 680 (lod
1133 625 1209 700 Dipl
1223 627 1272 685 lv.
1286 632 1314 684 lr.

360 742 362 746 ·
515 764 518 770 ,
657 715 681 768 1.
696 731 721 769 r.
736 712 820 766 101.r
830 711 842 784 )

623 971 872 984 man—n-

607 1279 788 1388 ¹se.

196 1502 254 1567 IX.
268 1501 403 1588 Gorpely
414 1477 506 1587 pulpa
517 1498 735 1580 Balduiebozf
745 1524 766 1564 a
781 1479 1071 1592 bonnonuuopolyi
1085 1508 1165 1573 latin
1180 1514 1316 1575 tedoadu-

282 1627 285 1632 “
299 1613 358 1696 ,εάρ
367 1609 546 1674 brdbb'sdltez
560 1630 748 1694 epyuouzon
763 1610 880 1695 ltpyben
890 1611 971 1675 inite
981 1611 1096 1680 develet.
1109 1619 1207 1683 1238.

302 1823 483 1908 Gregorius
507 1823 697 1912 Episoopus·
716 1829 777 1890 eto.
803 1823 924 1891 dileeto
949 1825 1016 1892 filio
1039 1828 1139 1894 nobili
1155 1829 1225 1895 viro
1240 1829 1315 1897 Bal·

195 1931 304 2014 dniuo,
316 1937 394 1997 nato
411 1937 443 1996 et
458 1929 672 1998 beredielare
688 1933 842 2022 memorie
859 1931 894 1997 P.
906 1933 1115 2017 Imperatoris
1132 1936 1315 2006 Constanti-

192 2038 384 2124 nopolitani,
400 2039 538 2109 salutem
554 2046 615 2104 ete.
633 2039 855 2106 Miserabilem
873 2047 992 2108 statum
1008 2043 1141 2127 Imperii
1157 2043 1313 2112 Constan-

192 2147 400 2234 tinopolitani
410 2153 555 2243 extremo
566 2145 744 2218 diserimini
760 2141 959 2216 su'biaoentis
975 2148 1088 2216 debita
1103 2153 1314 2222 meditatione

192 2256 387 2351 pensantes,
413 2275 485 2322 oum
509 2246 667 2322 iratribus
684 2256 802 2322 nostris
819 2265 915 2342 snper
928 2256 988 2322 hoe
1004 2257 1242 2326 deliberatione
1256 2260 1314 2327 ha·

192 2365 261 2430 bita
286 2363 454 2458 diligenti,
482 2382 553 2429 oum
575 2362 794 2444 *subveniendi
819 2364 924 2440 eidem
950 2364 1091 2448 Imperio
1106 2365 1161 2432 rix
1177 2366 1246 2434 alia
1260 2373 1315 2437 via

193 2469 358 2539 snffioiens
374 2475 579 2557 superesset,
605 2479 719 2539 eontra
735 2473 900 2538 Assenum
916 2479 948 2537 et
964 2479 1084 2540 terram
1102 2493 1193 2550 suam
1209 2475 1315 2562 predi-

194 2579 260 2646 eari
275 2579 501 2647 mandarimus
517 2579 652 2646 verbum
673 2579 787 2646 orneis.
806 2579 984 2648 Carissimo
1001 2601 1130 2666 quoque
1140 2583 1173 2648 in
1184 2583 1315 2652 Christo

75 2721 77 2724 ·
192 2687 378 2756 filionostro
395 2737 402 2752 .
420 2737 427 2753 .
445 2737 453 2754 .
470 2687 590 2754 illustri
600 2687 685 2773 Regi
694 2685 840 2773 Ungarie
857 2681 1034 2756 direximus
1053 2689 1175 2775 scripta
1191 2698 1314 2777 nostra,

193 2797 404 2865 obsecrantes
430 2798 537 2882 ipsum
562 2815 621 2882 per
646 2796 780 2864 Patrem
805 2802 839 2863 et
865 2795 992 2880 Filium,
1010 2805 1044 2863 et
1060 2799 1313 2883 Spiritumsan·

192 2902 299 2991 otum,
315 2910 348 2971 et
362 2924 422 2988 per
436 2905 631 2990 sanguinem
646 2905 726 2971 Jesu
743 2903 935 2989 Christisnt
950 2905 1132 2972 huiusmodi
1148 2905 1313 2992 negotium

192 3019 339 3080 assumat
354 3033 396 3078 ex
413 3013 521 3078 animo
530 3062 540 3097 ,
566 3019 599 3078 et
618 3007 734 3079 contra
750 3009 855 3098 ipsum
872 3014 1034 3080 Assanum
1052 3035 1092 3080 ae
1108 3021 1227 3081 terram
1243 3016 1313 3081 eius

191 3123 225 3187 in
240 3122 316 3188 lorti
330 3141 429 3187 manu
444 3121 629 3187 et'braobio
645 3128 795 3206 extento,
821 3129 917 3206 prout
942 3121 1037 3189 dsoet
1061 3125 1219 3207 Regalem
1244 3123 1313 3189 Ma·

190 3229 418 3315 gnifioentiam,
437 3247 474 3293 se
488 3229 651 3313 aooingat,
667 3229 758 3294 illem
774 3229 1010 3312 indulgentiam
1027 3229 1204 3313 habiturus,
1217 3210 1313 3312 quam

191 3337 312 3403 babent
327 3342 534 3411 transeuntes
550 3337 583 3401 in
600 3337 782 3404 subsidium
800 3341 887 3403 terre
904 3343 1028 3403 sancte.
1041 3337 1082 3400 ut
1098 3341 1133 3400 ut
1150 3337 1265 3401 molins
1282 3343 1314 3400 et

192 3444 357 3512 offioaoius
372 3442 482 3518 induoi
497 3442 601 3527 possit
617 3442 660 3510 ad
675 3449 800 3509 tantum
819 3441 985 3525 negotium
997 3443 1237 3525 assumendum,
1248 3451 1314 3506 ter-

192 3573 262 3618 ram
279 3551 359 3618 dieti
373 3551 512 3635 Aesoni,
539 3567 603 3632 qne
627 3555 698 3618 iota
717 3549 865 3621 heretica
880 3550 1042 3634 pravitate
1059 3547 1181 3614 infecta
1196 3549 1314 3615 dieitur

192 3667 224 3725 et
239 3661 376 3744 repleta,
392 3653 540 3743 predicto
555 3657 638 3738 Regi
663 3664 696 3722 et
712 3654 786 3722 eliis
808 3654 981 3722 ¹catholicis
997 3656 1204 3740 exposuimus
1220 3677 1314 3724 ooeu-

192 3767 343 3853 pandam.
375 3767 459 3845 Quia
469 3783 552 3830 sero
569 3762 737 3830 dubitatur
753 3786 773 3831 a
790 3763 920 3845 multis,
940 3783 984 3830 an
1000 3764 1086 3832 idem
1102 3765 1173 3830 Rex
1188 3783 1248 3850 per
1263 3785 1313 3848 ea,

193 3892 255 3958 que
271 3872 495 3958 promisimus,
515 3872 577 3939 nisi
593 3891 775 3938 consensus
793 3877 869 3939 tuus
886 3871 1082 3958 abcesserit,
1109 3893 1146 3939 se
1161 3875 1243 3940 velit
1259 3893 1314 3938 ex·

192 3987 312 4068 ponere
328 3988 376 4047 tot
391 3980 547 4064 perieulis
564 3985 597 4044 et
613 3980 786 4064 expensis,
812 3979 1015 4046 nobilitatem
1040 3983 1130 4046 tuam
1146 3998 1312 4045 monemus

189 4094 226 4155 et
239 4090 407 4154 hortemur
423 4093 557 4171 attente,
575 4105 614 4153 ao
631 4089 808 4154 suademus
825 4087 858 4152 in
874 4087 974 4155 animi
988 4085 1141 4172 puritate,
1151 4093 1312 4170 quatenus

192 4194 367 4281 prudenter
383 4192 574 4277 attendens,
600 4193 684 4276 quod
709 4195 774 4260 nisi
799 4191 903 4260 eidem
920 4191 1059 4277 imperio
1076 4193 1223 4259 eeleriter
1239 4211 1311 4257 suo-

192 4306 338 4372 ourratur
347 4351 356 4386 ,
380 4301 616 4370 interveniente
632 4321 724 4368 mora
740 4303 795 4367 vix
811 4302 842 4366 ei
860 4301 969 4366 valeat
982 4299 1149 4366 subveniri
1158 4348 1168 4383 ,
1191 4305 1224 4364 et
1248 4317 1312 4366 me·

192 4407 256 4473 lius
273 4415 416 4498 estante
432 4413 559 4491 tempus
575 4427 764 4490 ooeurrere,
781 4427 879 4490 quarn
896 4405 1071 4473 remedium
1087 4413 1164 4490 post
1179 4423 1312 4473 oausam
1367 4483 1368 4490 χ

191 4535 325 4600 querere
344 4515 565 4584 vulneratam:
581 4533 622 4582 ne
638 4531 825 4580 suooursnm
840 4515 945 4598 ipsius
961 4512 1091 4600 Imperii
1102 4533 1162 4599 per
1172 4522 1215 4597 te,
1227 4513 1311 4597 quod

192 4623 298 4709 absit,
325 4623 474 4710 impediri
499 4623 688 4709 continget,
716 4620 839 4705 siquid
854 4622 933 4688 iuris
950 4623 993 4689 od
1008 4626 1041 4688 te
1056 4621 1090 4686 in
1106 4629 1194 4688 terra
1211 4621 1311 4708 ipsius
