3140 5044
744 795 821 864 189.

245 978 376 1044 solaco
391 977 494 1044 oscor
509 977 612 1044 itotete
626 998 649 1042 a
664 974 834 1043 cassera·
842 976 1046 1042 adoaraokole
1060 976 1205 1065 oppetere
1222 980 1319 1044 1250.

331 1153 400 1222 Nos
417 1156 587 1224 Rolandus
603 1155 773 1224 Palatinus
790 1162 822 1223 ot
838 1155 955 1224 Comes
972 1155 1183 1224 Posoniensis
1197 1156 1346 1225 omnibns

223 1265 395 1348 presentes
411 1263 540 1331 litteras
566 1263 764 1350 inspecturis
790 1261 939 1330 duximus
957 1261 1229 1348 significandum,
1261 1263 1346 1346 quod

225 1390 299 1437 oum
313 1363 472 1439 Nicolaus
487 1371 528 1438 de
538 1373 637 1456 Loeg,
648 1371 737 1439 Obes
748 1369 789 1437 de
800 1369 938 1456 Pothun,
954 1371 1037 1437 Beta
1057 1371 1098 1438 de
1114 1371 1197 1456 Fell,
1207 1371 1348 1439 Michacl

225 1477 269 1544 de
284 1475 421 1563 Pothnn,
436 1480 527 1547 Poba
542 1479 584 1547 dc
594 1480 662 1550 alia
673 1477 753 1546 villa
765 1477 903 1558 Pothun,
912 1479 985 1564 'Peg
996 1483 1029 1545 ct
1041 1475 1148 1545 Heten
1158 1479 1201 1546 de
1211 1481 1348 1562 Pothnn,

222 1583 311 1653 chat
326 1587 368 1654 de
378 1583 484 1671 Patra,
496 1588 599 1654 Ereos
609 1587 650 1655 de
659 1585 754 1671 Ethc,
765 1587 880 1654 Mskse
890 1587 932 1653 de
942 1585 1057 1670 Tach,
1072 1585 1164 1653 Mora
1173 1587 1216 1653 de
1226 1585 1347 1670 Locha,

226 1691 349 1760 Pothus
365 1691 407 1760 de
436 1691 521 1761 Gala
537 1701 570 1760 et
594 1695 709 1761 Petrus
726 1689 767 1758 dc
783 1693 889 1759 Zerva
905 1693 1110 1760 centuriones
1128 1688 1346 1778 (n)duornico-

226 1821 297 1867 rum
314 1801 347 1866 in
372 1800 554 1869 Ghollokun
585 1801 755 1885 Iraimum,
775 1801 880 1868 Elium
897 1807 931 1868 et
947 1799 1061 1869 onena
1076 1799 1162 1868 filios
1178 1799 1349 1867 Michaelis

226 1909 269 1975 rie
284 1907 414 1976 Nadast
436 1915 650 1976 accusassent
665 1909 698 1975 in
715 1897 829 1976 nostra
845 1909 1027 1994 presencia,
1044 1907 1146 1976 fuisse
1163 1925 1293 1993 semper
1315 1915 1350 1974 et

228 2034 304 2088 esse
318 2014 444 2084 dobere
465 2015 664 2084 uduornicos
688 2017 812 2100 pariter
828 2033 899 2083 cum
916 2014 1003 2100 aliis,
1019 2013 1224 2100 postmodnm
1241 2013 1342 2098 inqui-

227 2121 292 2190 sita
307 2125 446 2191 veritate
462 2141 483 2188 a
498 2123 593 2190 Pake
609 2125 734 2192 Oomito
755 2124 1003 2191 uduornicorum
1019 2125 1060 2192 de
1074 2121 1260 2190 ohollokuz
1277 2127 1310 2189 et
1324 2141 1348 2187 a

228 2230 472 2298 centurionibus
487 2231 665 2298 nominatis
683 2232 827 2298 constitit
843 2231 949 2316 nobis,
980 2229 1070 2316 ipsos
1101 2249 1165 2296 non
1197 2229 1300 2296 fuisse
1314 2249 1351 2294 u-

228 2337 414 2422 duornicos,
426 2335 485 2404 sed
495 2357 569 2405 esse
580 2337 622 2405 de
638 2339 750 2406 liberis
768 2338 939 2405 eorundem
956 2337 1081 2423 pariter
1091 2356 1162 2403 oum
1172 2342 1261 2402 terra
1276 2354 1349 2418 sua,

229 2465 295 2532 qna
319 2445 494 2513 utebantur
519 2447 723 2530 abantiquo.
748 2445 858 2531 Quare
885 2466 926 2512 ne
957 2445 1093 2513 libertas
1120 2464 1230 2512 eorum
1251 2443 1352 2509 calari

227 2551 351 2640 possit,
373 2572 435 2618 nco
457 2572 518 2639 per
544 2553 715 2623 falsidicos
741 2553 990 2641 opprimantur,
1016 2551 1056 2620 de
1074 2559 1185 2620 cetero
1219 2549 1351 2618 cosdem

229 2661 264 2728 in
280 2678 341 2730 sua
356 2661 526 2754 libertate,
551 2680 618 2747 qua
634 2661 869 2748 fungebantur,
885 2727 889 2736 ,
903 2669 990 2730 staro
1022 2659 1238 2747 permisimus,
1256 2665 1289 2726 et
1306 2661 1352 2726 ad

230 2767 419 2837 memoriam
435 2769 482 2836 rei
515 2770 706 2856 ampliorem
731 2775 903 2857 presentes
931 2769 1040 2854 sigillo
1066 2773 1178 2834 nostro
1202 2767 1351 2834 munitas

231 2877 462 2945 concessimus.
489 2875 610 2944 Datum
636 2878 767 2946 invilla
783 2876 881 2946 Oltva
897 2879 931 2944 in
948 2875 1120 2944 Dominica
1136 2877 1211 2940 ante
1229 2873 1349 2939 festum

231 2987 345 3055 Sancti
368 2985 498 3052 Nicolai
513 2988 673 3072 proxima,
688 3003 774 3054 anno
791 2987 962 3055 Dominice
987 2984 1231 3054 Incaruacionis
1248 2983 1352 3053 mille-

232 3091 315 3161 simo
331 3092 552 3162 ducentesimo
569 3094 847 3180 quinquagesimo.

269 3304 381 3376 (Bartal
395 3303 516 3379 Gytrgy
529 3302 608 3376 utin,
622 3303 777 3363 Usellolrtiu
790 3301 1141 3375 commemoratarum
1155 3305 1224 3375 160,
1238 3305 1282 3359 33.
1293 3302 1324 3375 l.)
