3184 5064
656 272 815 376 *cou-

173 471 268 538 eione
282 467 415 558 Oponr;
430 469 575 554 undem,
599 470 679 540 licet
702 470 847 540 eiusdem
871 475 959 538 terre
973 466 1182 539 medietatem
1196 465 1299 540 domi·

172 597 235 648 nus
249 577 321 646 Rex
335 573 560 647 sdiutiioas'set
583 578 709 648 Abbati
731 587 766 648 et
790 577 975 646 concentui
999 574 1157 664 predictis
1180 595 1299 646 reuen-

25 690 31 724 ¹
174 684 337 772 ciendam
354 687 432 772 quia
447 692 559 755 tamen
574 685 672 758 iidem
687 687 835 757 homines
852 683 991 754 eandem
1006 691 1128 753 terram
1151 689 1299 771 tempore

173 794 291 878 lamis,
306 815 372 881 qne
391 796 426 862 in
452 796 623 880 Hungaria
646 798 851 884 generaliter
875 793 1064 877 acciderat,
1089 810 1300 881 compmane·

28 904 32 948 ⁵
171 909 267 986 rent,
283 901 408 971 eisdem
425 903 641 990 paternaliter
657 905 826 991 compassi
841 903 957 972 Abbas
972 907 1007 970 et
1031 901 1218 972 conuentus
1234 919 1301 968 me·

170 1012 299 1097 morati,
316 1012 433 1080 solutis
457 1013 590 1080 duabus
615 1015 735 1081 marcia
761 1020 794 1080 et
819 1019 893 1080 octo
917 1009 1119 1098 ponderibus
1142 1007 1301 1095 predictis

171 1118 377 1204 hominibus,
393 1121 531 1190 terciam
544 1127 670 1206 partem
691 1121 837 1190 eiusdem
861 1128 946 1188 terre
971 1117 1163 1206 supradicto
1188 1117 1301 1186 ilona-

171 1225 273 1296 sterio
288 1229 549 1314 appropriantes,
566 1230 711 1314 reliquas
727 1229 810 1297 dues
827 1245 888 1316 par
894 1233 944 1296 tes
961 1225 1128 1312 sepedicto
1144 1223 1299 1311 empticie

171 1341 259 1402 terre
274 1335 485 1420 presentibus
502 1343 535 1403 et
551 1336 838 1406 consencientibus
854 1332 1088 1401 commetaneis
1107 1331 1175 1398 suis
1184 1351 1301 1418 preno-

179 1442 312 1509 minatis
338 1443 523 1511 bominibus
542 1443 583 1512 de
600 1445 718 1533 'Papau
735 1445 936 1513 dimisissent
947 1448 1107 1529 perpetuo
1130 1438 1303 1527 possiden·

175 1549 248 1616 (las.
279 1551 482 1618 strenuius
498 1553 547 1619 rei
563 1553 665 1623 series
681 1559 756 1621 rata
779 1558 813 1620 et
827 1553 1022 1620 inconcussa
1046 1551 1080 1616 in
1105 1556 1299 1644 perpetuum

174 1666 382 1745 perseueret,
398 1660 547 1746 partibus
563 1663 752 1748 potent-ibus
768 1665 942 1746 presentes
968 1659 1191 1726 concessimus
1216 1656 1300 1724 litte·

173 1786 228 1833 ras
253 1767 359 1834 nostri
390 1767 494 1852 sigilli
518 1768 698 1840 munimine
713 1769 896 1836 roboratus.
913 1767 1010 1834 Anno
1026 1765 1160 1833 Domini
1175 1764 1299 1834 mccl.

174 1879 302 1941 octauo.
321 1874 480 1961 chepano
497 1875 648 1945 Ecclesie
664 1882 776 1945 nostre
791 1875 974 1962 Proposito,
990 1873 1137 1944 Jurkone
1149 1871 1302 1956 Castore,

178 1979 304 2051 'lhoma
322 1983 465 2054 Custode
483 1981 712 2054 existentibus.
938 1985 944 1996 “

319 2177 463 2250 (Eredetio
481 2197 500 2240 a
517 2185 601 2240 stent
612 2177 738 2238 nartem
756 2173 909 2250 itapltolg
920 2137 1148 2252 'levelttrtbam
1193 2235 1196 2242 ,

699 2896 778 2965 att.

175 3095 206 3158 A
222 3093 313 3178 ppos·
328 3089 483 3180 lodptoloo
499 3091 777 3180 ὀίοοοῃοάοῑοοοῑο,
794 3091 906 3181 boppo
913 3091 1145 3182 paocoobalma‘
1153 3096 1302 3182 apotodp·

174 3199 240 3265 ook
255 3199 371 3266 Dionea
385 3209 465 3266 nau
473 3197 665 3287 foldbirtok,
681 3199 792 3291 mclyet
809 3199 891 3266 Elec
914 3201 1042 3268 sonmo·
1061 3201 1113 3287 fio
1137 3205 1194 3269 rso
1208 3201 1302 3268 obal-

504 3307 671 3395 robdzott,
696 3305 990 3376 commonente.

204 3567 207 3574 .
283 3505 470 3594 Capitulum
494 3503 644 3573 Ecclesie
667 3504 851 3576 Jeoriensis
875 3506 1039 3574 uniuersis
1063 3507 1185 3576 Obristi
1199 3506 1303 3577 fideli·

174 3611 254 3698 bus,
271 3615 480 3701 presencium
496 3614 737 3700 inspectoribus
763 3615 905 3683 salutem
928 3614 963 3681 in
987 3615 1105 3684 salutis
1132 3615 1302 3703 largitore.

176 3719 388 3790 Vniuersitati
428 3731 536 3792 vestre
568 3723 776 3793 declaramus
803 3725 1010 3812 presencium
1041 3746 1102 3814 per
1132 3737 1299 3796 tenorem:

172 3823 266 3908 Quod
281 3831 482 3898 venerabilis
499 3837 595 3917 pater
610 3832 722 3900 Fauus
738 3832 855 3901 Abbas
871 3835 988 3903 Sancti
1015 3833 1150 3902 Martini
1175 3833 1217 3903 de
1241 3835 1302 3905 Sa·

177 3955 231 4004 cro
248 3934 358 4005 Monte
374 3937 545 4008 Pannonio
560 3939 674 4009 literas
689 3941 814 4027 Regias
829 3943 924 4010 nobis
941 3943 1163 4029 presentabit,
1188 3947 1220 4009 in
1236 3944 1303 4026 qui·

173 4042 236 4110 bus
253 4045 347 4112 nobis
364 4044 506 4114 debetur
521 4048 555 4113 in
573 4047 738 4116 mandatis
748 4095 757 4131 ,
783 4055 819 4115 ut
836 4050 982 4134 aliquem
1007 4071 1048 4118 ex
1065 4051 1163 4120 sociis
1178 4051 1301 4119 nostris

172 4171 239 4220 vna
255 4173 328 4220 cnm
343 4155 494 4240 predicto
512 4157 641 4240 Abbate
657 4176 698 4224 ac
713 4158 860 4226 Iohanne
877 4158 1003 4227 Comite
1017 4157 1084 4226 lilio
1101 4159 1175 4243 (lug
1196 4157 1304 4226 comi·

171 4263 225 4344 tis,
242 4261 406 4331 Pristaldo
422 4263 528 4348 ipsius
548 4263 670 4331 domini
685 4266 806 4352 Regis,
823 4287 966 4335 necnon
984 4267 1063 4335 Elec
1088 4265 1156 4336 lilio
1182 4265 1304 4333 Niobe·

174 4367 233 4454 lay
249 4369 293 4435 ud
309 4370 571 4439 circumeundam
588 4373 765 4456 quamdam
774 4380 897 4442 terram
908 4375 1049 4463 predicti
1065 4375 1155 4460 Elec,
1172 4373 1303 4442 nomine

172 4476 310 4564 Dycnis,
334 4480 434 4547 sitam
449 4479 482 4546 in
501 4481 666 4550 comitatu
680 4483 887 4568 Posoniensi,
904 4483 1212 4551 transmitteremus.
1231 4481 1301 4550 Nos

173 4585 286 4672 itaque
312 4587 469 4658 mandato
495 4588 619 4660 domini
643 4591 747 4660 nostri
772 4589 874 4677 Regis
899 4591 1093 4660 satisfacere
1118 4590 1302 4678 cupientes,

1028 4697 1091 4766 20·
