3154 5030
742 305 881 414 go

245 503 389 590 pellunt,
414 507 448 583 et
462 501 591 571 illorum
608 501 766 584 exequias
783 499 952 567 celebrari.
971 501 1012 568 aa
1021 501 1050 567 si
1060 503 1133 587 quis
1144 500 1367 570 decedentium

245 609 379 675 fratrum
396 610 495 694 alibi,
521 630 619 694 qnam
635 611 668 676 in
684 609 835 676 ecclesiis
850 609 919 676 suis
930 608 1023 693 eligit
1038 610 1251 694 sepulturam,
1268 607 1363 674 funus

245 716 349 801 primo
366 716 410 784 ad
425 717 586 784 ecclesias
612 735 689 784 suas
715 716 834 784 deferri
862 723 982 800 cogunt
991 765 1000 801 ,
1025 723 1061 782 ut
1076 717 1199 784 oblatio
1216 717 1283 784 suis
1300 715 1364 782 usi-

245 825 306 890 bus
323 822 420 890 cedat
429 873 438 908 ,
462 846 523 894 nec
539 826 738 892 sustinentes
756 843 813 890 eos
830 823 953 892 babere
969 843 1163 910 campanam
1174 822 1226 889 vel
1243 823 1366 890 cimite-

245 931 327 998 rium
344 931 560 1019 benedictnm,
578 934 676 1002 certis
702 939 829 1000 tautum
856 933 1056 1019 temporibus
1072 933 1261 1019 permittunt
1277 932 1367 1018 ipsos

245 1041 413 1108 celebrare
429 1040 551 1108 divina.
567 1041 689 1110 Volunt
705 1043 802 1107 etiarn
823 1041 857 1107 in
873 1039 1022 1108 domibus
1039 1041 1216 1110 eorundem
1242 1048 1365 1107 certum

245 1167 412 1215 numerum
430 1147 577 1234 fratrum,
595 1148 820 1226 sacerdotum,
848 1147 1037 1216 clericorum
1053 1157 1085 1216 ct
1100 1149 1255 1216 laicorum
1265 1197 1275 1232 ,
1306 1167 1367 1214 neo

245 1275 311 1324 uon
327 1276 503 1343 cereorum,
530 1259 760 1343 lampadarum
778 1264 811 1324 et
827 1265 1088 1326 ornamentorum
1103 1277 1163 1343 pro
1179 1277 1240 1324 sua
1254 1256 1366 1323 volun-

245 1369 316 1432 tate
332 1371 447 1431 taxare
463 1385 502 1431 ac
512 1363 675 1432 residuum
706 1384 881 1448 cereorum,
917 1365 1046 1448 quando
1060 1367 1184 1432 noviter
1200 1383 1364 1453 apponun-

246 1478 308 1554 tur,
326 1471 459 1554 exiguut
476 1473 518 1539 ab
536 1470 679 1557 eisdem,
704 1491 765 1538 neo
789 1473 1000 1558 permittunt,
1024 1479 1059 1538 ut
1084 1473 1161 1540 nori
1175 1473 1364 1540 sacerdotes

247 1597 358 1645 eorum
372 1579 453 1646 alibi
478 1599 575 1663 quam
601 1580 633 1646 in
650 1579 802 1646 ecclesiis
829 1580 898 1646 suis
915 1581 1082 1646 celebrent
1097 1579 1219 1666 primas
1235 1579 1364 1662 missas,

246 1706 304 1756 eos
315 1687 543 1755 nichilominus
554 1689 798 1775 compellentes,
813 1689 891 1754 utin
902 1686 1076 1755 cotidianis
1092 1687 1211 1772 missis,
1229 1706 1312 1772 quas
1328 1687 1362 1751 iu

245 1794 313 1862 suis
329 1793 410 1860 locis
427 1797 459 1858 et
474 1793 634 1860 altaribus
659 1793 847 1878 celebrant,
870 1793 1052 1862 oblationes
1087 1793 1131 1860 ad
1146 1812 1228 1878 opus
1255 1811 1364 1858 corum

244 1900 405 1986 recipiant
431 1907 464 1966 et
489 1912 665 1968 reservent.
683 1900 845 1984 Quicquid
870 1901 971 1969 ctiam
1005 1899 1075 1980 eis,
1107 1902 1183 1968 dum
1199 1900 1367 1966 celebrant

245 2010 418 2075 missarum
435 2009 635 2094 solempnia,
661 2010 745 2074 iuter
760 2007 928 2076 domorum
955 2029 1087 2076 suarum
1104 2009 1280 2093 ambitum,
1310 2007 1367 2092 pia

245 2114 387 2183 fidelium
412 2114 588 2183 devotione
610 2116 770 2197 donatur,
795 2115 838 2181 ab
855 2116 937 2200 ipsis
964 2125 1159 2200 extorquere
1190 2113 1365 2182 oblationis

245 2223 376 2289 nominc
395 2221 638 2308 contendentes,
657 2225 743 2307 quod
753 2225 877 2290 eisdem
887 2231 955 2290 tam
970 2225 1005 2290 in
1021 2223 1221 2290 ornamentis
1237 2223 1361 2305 altaris,

245 2349 342 2415 quam
358 2331 391 2395 in
407 2329 500 2396 libris
515 2331 746 2398 ecclesiasticis
757 2333 907 2398 absolute
918 2331 1090 2414 confertur,
1106 2331 1281 2398 vendicant
1296 2349 1366 2415 per·

247 2456 361 2524 peram
377 2435 441 2502 iuri
457 2455 537 2521 suo,
570 2438 716 2523 cogendo
743 2457 801 2506 eos
817 2439 861 2506 ad
876 2439 1020 2527 synodos
1045 2457 1123 2506 suas
1151 2437 1311 2506 accedere
1327 2457 1367 2504 ac

245 2545 313 2612 suis
344 2544 626 2612 constitutionibus
650 2547 819 2614 subiacere
830 2597 839 2632 ,
865 2567 926 2615 uec
953 2549 1016 2616 hiis
1034 2547 1176 2615 contenti
1187 2597 1197 2633 ,
1221 2546 1368 2634 capitula

245 2659 279 2719 ct
294 2651 451 2718 scrutinia
467 2652 500 2717 in
515 2653 596 2720 locis
621 2655 758 2722 fratrum
776 2676 835 2741 pro
851 2656 916 2724 hiis
942 2655 1145 2741 corrigendis
1160 2655 1316 2740 [facturos
1331 2673 1367 2721 so

243 2761 503 2843 comminantur,
537 2761 728 2831 fidelitatem
770 2764 952 2832 iuramento
996 2764 1156 2832 firmatam
1181 2765 1224 2830 ab
1256 2783 1367 2831 eorum

247 2867 414 2938 Prioribus
430 2870 611 2956 exigentes,
637 2873 685 2938 eis
701 2890 839 2957 quoquc,
856 2879 891 2938 ut
906 2879 973 2938 tam
988 2879 1082 2940 extra
1097 2872 1248 2940 civitates
1264 2889 1363 2956 quam

244 2977 330 3043 intra
345 2996 418 3044 cunr
435 2979 483 3045 eis
499 2967 784 3064 processionaliter
798 2981 940 3063 veniant,
965 3001 1006 3048 ex
1023 2979 1088 3048 levi
1098 2999 1197 3048 causa
1208 2981 1366 3047 mandan-

246 3092 308 3170 tes,
341 3086 684 3155 excommuuicationis
709 3087 906 3156 sententiam
930 3087 1105 3156 fulminant
1133 3088 1167 3154 iu
1183 3087 1366 3154 benefacto

247 3211 301 3259 res
318 3211 439 3274 corum,
457 3200 491 3259 ct
505 3191 540 3259 id
554 3193 662 3279 ipsum
694 3192 852 3263 fratribus
883 3196 1131 3276 comminantes,
1153 3213 1210 3262 cos
1227 3191 1269 3261 dc
1285 3193 1366 3262 locis

248 3300 413 3386 inquibus
430 3302 559 3368 domino
572 3301 782 3388 famulantur,
794 3310 949 3388 satagunt
966 3322 1128 3388 amovere,
1145 3303 1210 3370 nisi
1226 3303 1274 3370 cis
1290 3303 1363 3370 obc-

246 3409 339 3476 diaut
353 3411 387 3476 iu
407 3411 556 3478 omnibus
587 3410 794 3499 supradictis.
827 3412 878 3478 Ad
894 3412 973 3495 bec,
1005 3431 1045 3478 ue
1070 3409 1189 3479 fratros
1205 3411 1249 3477 ad
1265 3411 1363 3478 hono-

244 3515 367 3583 rabiles
392 3516 552 3585 Civitates
577 3523 610 3584 et
626 3520 750 3600 Villas,
775 3520 830 3585 ubi
846 3519 999 3603 religiose
1019 3538 1059 3586 ac
1076 3519 1214 3588 honeste
1230 3518 1365 3586 valeant

246 3625 454 3709 commorari,
478 3627 643 3714 apopulis
668 3627 786 3696 devote
812 3627 921 3695 vocati
939 3625 1096 3696 accedere
1111 3627 1264 3712 audeant,
1282 3623 1363 3694 inbi-

242 3719 380 3816 bantes,
406 3739 473 3799 tam
500 3732 535 3800 in
551 3733 748 3802 accedentes
764 3733 882 3804 fratres
899 3743 998 3820 quam
1015 3737 1048 3802 iu
1064 3741 1293 3822 receptatores
1308 3754 1364 3801 co·

244 3858 315 3906 rum
330 3849 521 3923 presumunt
546 3843 893 3912 excommunicationis
919 3843 1115 3912 seutentiam
1146 3841 1365 3931 promulgare.

244 3947 294 4017 Ab
311 3945 360 4013 eis
376 3947 474 4013 etiam
489 3947 530 4014 de
546 3960 687 4016 ortorum
704 3950 861 4019 fructibus
877 3949 1032 4036 decimas,
1049 3972 1110 4019 nec
1128 3969 1193 4018 non
1210 3950 1251 4018 de
1266 3949 1364 4016 babi-

248 4055 366 4121 taculis
382 4055 537 4139 fratrum,
566 4057 651 4123 sicut
666 4057 894 4128 deludeorum
905 4057 1064 4144 domibus,
1081 4055 1279 4127 contendunt
1294 4053 1365 4124 red·

245 4159 330 4231 ditus
348 4171 541 4249 extorquere
558 4171 746 4254 asserendo,
756 4153 759 4160 ’
771 4168 857 4256 quod
873 4169 936 4236 nisi
952 4168 1287 4238 fratresmorarentur
1301 4167 1360 4234 ibi·

244 4273 327 4356 dem,
337 4273 386 4341 eis
396 4274 438 4340 ab
449 4275 524 4342 aliis
534 4273 776 4346 habitatoribus
787 4285 964 4365 proventus
976 4277 1078 4364 aliqui
1091 4278 1306 4346 solverentur.
1322 4273 1364 4340 lit

244 4387 279 4447 ut
293 4381 384 4468 ipsos
401 4381 542 4450 subdant
557 4403 615 4451 sue
632 4384 776 4454 totaliter
791 4383 943 4472 dictioni,
967 4383 1091 4454 ebdom
1107 4384 1239 4452 Priores
1257 4383 1369 4456 volunt

243 4485 399 4570 preficere
414 4510 472 4576 pro
488 4508 545 4556 sue
556 4489 691 4558 arbitrio
702 4492 890 4560 uoluntatis.
903 4493 931 4557 Α
942 4492 1057 4576 quibus
1069 4491 1220 4578 omnibus
1230 4491 1366 4558 fratrum

244 4595 404 4663 molestiis
428 4615 558 4667 necros
583 4583 696 4668 cinnes
715 4600 857 4686 omnino,
882 4609 917 4668 ut
941 4600 1066 4685 dicitur,
1093 4599 1373 4674 abstruseracum
