3010 5024
603 899 607 907 ’
627 909 706 978 aad.

102 1112 124 1177 1
130 1111 167 1179 V.
190 1109 273 1178 saza
295 1107 402 1198 kirtly
426 1109 517 1175 Baua
539 1105 709 1173 maceret
732 1127 754 1168 a
786 1106 935 1170 mmmm·
967 1103 1084 1172 varica
1113 1103 1236 1172 taccat
1274 1121 1282 1126 ·

320 1215 489 1304 salutabat
502 1215 554 1281 ket
569 1213 674 1280 holdct
689 1211 892 1299 odomdoyca.
917 1212 1016 1280 1260.

130 1375 138 1390 Ι
212 1416 294 1483 Bela
308 1413 382 1497 Dei,
399 1411 513 1497 gracia
540 1409 731 1495 hungarie,
747 1408 932 1494 Dalmacie,
949 1409 1098 1495 Oroacic,
1115 1408 1231 1496 Rama,

104 1522 221 1590 Seruis
230 1573 239 1609 ,
257 1521 420 1602 Gallicic,
436 1519 650 1604 Lcdomcrie,
666 1516 889 1603 Cumanieque
904 1519 976 1585 Rex
991 1518 1140 1586 omnihus
1157 1536 1230 1605 pre·

9 1711 10 1718 ἵ
103 1637 216 1698 sentes
233 1631 361 1700 litteras
371 1629 568 1716 inspecturis
579 1626 722 1695 salutem
732 1625 766 1692 in
776 1644 852 1693 vcro
863 1625 1009 1693 salutari.
1026 1625 1231 1708 Quamquam

9 1725 11 1832 J
102 1738 212 1824 Regia
227 1739 418 1806 Sublimitas
442 1733 667 1804 munificencia
692 1753 751 1802 sue
775 1753 892 1802 manus
916 1733 1083 1821 porrigere
1108 1734 1231 1801 debeat

8 1833 11 1864 *
102 1845 173 1913 suis
190 1845 329 1914 subditis
345 1846 524 1930 uniuersis3
542 1863 581 1912 cc
596 1844 738 1930 amplius
753 1850 864 1910 tamen
880 1842 956 1911 iilos
972 1842 1141 1912 consueuit
1156 1861 1229 1928 spe·

102 1953 222 2022 cialius
237 1954 389 2040 gratuitis
404 1954 559 2040 prosequi
574 1951 764 2037 donatiuis,
789 1951 846 2034 qui
861 1946 1109 2037 perspicacibus
1131 1951 1233 2020 serui·

8 2049 10 2086 '
103 2062 163 2130 ciis
179 2061 391 2147 prerogatiua
408 2081 537 2130 suorum
553 2059 708 2146 effulgent
732 2059 855 2127 clarius
870 2060 1066 2128 meritorum.
1087 2057 1228 2126 Proinde

7 2209 9 2216 .
102 2168 146 2236 ad
162 2170 387 2237 uniuersorum
400 2171 557 2239 noticiam
572 2177 688 2240 tencre
704 2167 912 2254 presencium
936 2167 1086 2236 volumus
1114 2183 1229 2256 perus·

7 2263 11 2308 ³
102 2278 191 2356 nire,
207 2276 295 2362 qnod
310 2276 468 2364 magister
482 2279 571 2346 Baas
587 2275 694 2345 tidelis
709 2282 821 2345 noster
837 2275 881 2342 ad
899 2281 1046 2342 nostram
1071 2274 1231 2342 accedeus

7 2391 9 2416 ⁸
101 2383 329 2472 presenciam,
345 2387 513 2474 proposuit
527 2403 549 2452 a
565 2387 675 2454 Pouca
695 2403 819 2472 genero
846 2382 980 2470 Georgii
1007 2383 1102 2451 Iudai
1126 2380 1232 2470 bapti·

102 2493 188 2578 zati,
215 2512 314 2578 quem
331 2493 415 2562 dixit
429 2496 502 2563 siue
517 2493 674 2563 heredum
690 2493 817 2562 solacio
843 2491 1048 2578 decessisse,
1074 2491 1117 2560 de
1141 2489 1230 2560 terra

6 2597 7 2638 ³
100 2599 246 2669 Ariouch
262 2602 381 2671 adduc
397 2611 511 2671 aratra
524 2609 715 2689 separatam
731 2601 829 2669 certis
845 2603 940 2669 metis
956 2620 993 2668 sc
1008 2599 1129 2668 dudum
1140 2621 1228 2688 emp·

102 2707 204 2777 cionis
229 2709 325 2778 titulo
351 2709 559 2798 possedisse,
586 2729 688 2794 quam
703 2708 835 2777 demum
851 2715 926 2793 post
942 2707 1065 2776 obitum
1082 2706 1229 2775 eiusdem

101 2815 210 2883 Pouce
225 2817 298 2903 ipse
312 2817 470 2903 magister
485 2817 575 2884 Baas
591 2817 633 2883 de
649 2817 746 2884 terris
762 2817 865 2884 castri
881 2815 988 2882 nostri
1005 2813 1229 2883 Trinchinicu·

101 2924 147 2992 sis
163 2923 261 2992 sciuit
276 2943 369 3010 essc;
386 2924 561 3009 quodcum
577 2924 651 3010 ipsa
666 2931 800 3011 propter
816 2923 894 2990 dicti
909 2925 1020 2991 Pouce
1044 2922 1227 3012 decessum,

103 3034 177 3120 qui,
193 3041 229 3100 ut
244 3035 435 3120 premissum
453 3039 513 3119 est,
531 3035 616 3120 cbijt
632 3035 703 3102 sinc
721 3033 845 3102 solacio
861 3033 1051 3120 liberorum,
1067 3034 1098 3101 si
1114 3031 1230 3102 eadem

101 3147 188 3209 terra
205 3149 406 3228 repeteretur
421 3163 481 3230 per
506 3141 653 3228 aliquem
678 3144 721 3211 ab
749 3145 833 3231 ipso,
851 3148 965 3210 contra
991 3143 1157 3210 nemiuem
1172 3161 1228 3208 no·

103 3249 188 3317 minc
204 3251 408 3336 expeditorio
422 3272 618 3338 processum
633 3252 757 3320 habere
773 3259 903 3337 posset,
929 3270 991 3318 uec
1011 3250 1153 3336 pecunia
1168 3267 1229 3316 sua

103 3355 131 3422 si
156 3358 273 3426 eadem
299 3366 387 3426 terra
414 3357 627 3445 euinceretur,
654 3359 697 3426 ab
722 3361 795 3446 ipso
811 3359 875 3426 sibi
901 3364 1015 3445 posset
1038 3357 1230 3462 restaurari,

101 3486 159 3535 nos
177 3467 320 3536 eandem
338 3469 402 3536 sihi
419 3475 451 3537 et
466 3471 535 3537 suis
561 3469 762 3550 heredibus,
789 3489 862 3535 cum
888 3470 931 3536 sit
946 3475 1035 3536 terra
1058 3466 1160 3536 castri
1175 3487 1230 3536 nc-

101 3576 157 3641 stri
174 3575 444 3656 Trinchiuicnsis,
461 3598 502 3644 ex
519 3576 841 3662 liberalitatcRegia
851 3576 999 3646 conferre
1009 3576 1230 3664 dignaremur.

101 3681 168 3750 Nos
184 3683 285 3769 igitur
308 3683 518 3752 attendentes
548 3683 710 3769 prefatum
744 3685 933 3770 magistrum
965 3685 1054 3752 Baas
1077 3683 1173 3786 nohis
1197 3687 1230 3750 et

101 3791 212 3873 Regno
229 3800 343 3860 nostro
362 3791 594 3876 obsequiosum
618 3793 847 3880 multipliciter
873 3794 1040 3882 extitisse,
1066 3813 1130 3878 que
1154 3813 1227 3880 pro·

100 3899 200 3964 lixum
216 3907 306 3966 esset
320 3919 381 3984 per
397 3903 527 3986 singula
544 3921 717 3985 enarrare,
748 3909 781 3968 et
796 3921 897 3988 posse
913 3903 1102 3990 impendere
1125 3901 1227 3971 serui·

100 4007 150 4072 cia
165 4006 199 4071 in
215 4005 375 4094 futurum,
401 4007 521 4076 dictum
547 4017 669 4077 terram
695 4008 832 4077 ducrum
856 4019 1055 4096 aratrorum,
1081 4011 1117 4078 in
1133 4010 1225 4081 cuius

100 4111 236 4200 pacifica
251 4117 462 4201 possessione
477 4118 550 4204 ipsc
567 4117 724 4204 magister
739 4119 827 4185 Baas
850 4119 1023 4202 existebat,
1039 4126 1225 4203 exemptam

100 4244 120 4290 a
136 4233 241 4291 castro
257 4223 510 4313 Trinchinieusi,
528 4227 635 4295 cidem
653 4227 811 4313 magistro
827 4227 916 4294 Baas
928 4228 1039 4295 etsuis
1050 4225 1224 4293 heredibus

99 4329 317 4417 heredumque
333 4353 459 4402 suorum
476 4329 723 4405 successoribus
750 4335 944 4404 donauimus
972 4343 1004 4402 et
1030 4333 1223 4416 reliquimus

97 4447 254 4526 perpetuo
270 4441 454 4528 etpacidce
469 4441 717 4530 possidendam.
743 4446 780 4510 In
811 4445 903 4512 cuius
931 4437 1125 4510 donacionis
1151 4459 1224 4526 pcr-

98 4557 226 4636 petuam
236 4549 421 4620 firmitatem
438 4561 608 4637 presentes
619 4551 767 4623 dedimus
783 4553 912 4622 litteras
928 4551 1031 4638 sigilli
1045 4549 1150 4620 nostri
1166 4550 1224 4618 du-
