3154 5038
600 750 903 874 ‚ross

193 995 214 1058 I
217 995 252 1059 V.
270 996 359 1060 luceo
373 999 462 1080 μόρα
480 995 601 1058 Bonas
617 997 748 1081 adpolyc'
757 997 917 1084 potepttko‘t
933 995 1068 1081 apostoli
1084 971 1208 1059 lovetot
1223 994 1315 1078 totos

545 1102 846 1190 Mupycrorozdpba.
863 1104 961 1169 1254.
1175 1121 1178 1128 ’

300 1297 508 1366 Innocentius
535 1297 720 1384 Episcopus
738 1307 799 1367 etc.
817 1298 939 1367 dilecto
954 1297 1023 1366 filio
1035 1301 1071 1368 B.
1092 1302 1205 1368 Electo
1230 1301 1316 1368 Nea-

194 1405 351 1491 politano,
368 1404 549 1491 Capeliano
566 1414 688 1490 nostro,
714 1407 905 1493 Apostolice
921 1405 1159 1494 Sedis'Legato
1175 1409 1314 1476 salutem

195 1519 256 1578 etc.
276 1511 355 1578 Cum
372 1517 403 1578 te
419 1533 478 1598 pro
504 1511 654 1580 sedanda
670 1513 855 1596 discordia,
883 1533 946 1598 que
963 1515 1047 1581 inter
1067 1517 1256 1584 carissimos
1282 1516 1314 1582 in

195 1619 324 1688 Christo
351 1618 434 1686 filins
458 1627 587 1687 nostros
612 1670 619 1685 .
645 1671 652 1686 .
678 1670 685 1686 .
711 1619 857 1706 Ungarie
883 1628 916 1686 et
940 1668 948 1686 .
973 1667 1014 1687 ..
1050 1621 1183 1689 Bcemie
1207 1623 1316 1708 Reges

195 1727 340 1794 illustres
355 1727 490 1794 suborta
515 1727 712 1810 dinoscitur,
739 1727 783 1792 ad
808 1732 920 1810 partes
946 1727 1041 1812 illas,
1066 1729 1239 1796 commisso
1256 1727 1315 1795 tibi

195 1835 376 1920 legacionis
392 1835 520 1915 cilicio,
545 1834 764 1917 destinemus,
791 1840 824 1900 ut
840 1832 942 1900 nichil
959 1835 1020 1901 tibi
1035 1831 1121 1901 desit
1138 1834 1181 1900 ad
1197 1834 1313 1903 sedan-

196 1941 272 2010 dam
298 1925 455 2026 eandem,
480 1945 539 2012 sed
568 1942 655 2010 illius
688 1941 873 2030 prosecutio
900 1942 933 2008 in
958 1942 1023 2008 tuis
1047 1943 1196 2008 manibus
1221 1961 1311 2027 pros-

195 2069 274 2136 pere
290 2049 449 2135 dirigatur
459 2101 469 2134 ,
492 2050 665 2119 relaxandi
691 2051 783 2116 iuxta
808 2049 944 2116 formam
961 2047 1111 2116 Ecclesis
1126 2049 1314 2136 suspensio-

195 2158 247 2227 nis
272 2165 306 2224 et
330 2157 641 2225 excommunicationis
666 2159 698 2224 in
720 2169 932 2242 quascunque
952 2175 1135 2243 personne,
1167 2175 1227 2224 nec
1252 2177 1316 2224 uon

196 2273 229 2333 et
245 2265 407 2333 interdicti
435 2267 466 2332 in
492 2267 566 2332 loca
590 2267 776 2350 Regnorum
803 2262 949 2348 Ungarie
974 2271 1006 2330 et
1030 2263 1164 2330 Boemie
1189 2271 1222 2330 et
1243 2284 1316 2349 par-

195 2374 275 2440 tium
306 2373 487 2441 vicinarum
521 2372 720 2458 sententias,
746 2373 920 2440 occasione
943 2370 1130 2441 huiusmodi
1153 2370 1317 2439 discordie

194 2481 419 2568 promulgatos
429 2530 439 2565 ,
462 2488 596 2565 recepta
621 2481 735 2548 debita
758 2481 986 2550 satisfactione
1003 2479 1046 2548 ab
1063 2477 1189 2547 eisdem
1205 2463 1316 2564 persc-

195 2589 246 2656 uis
263 2597 296 2654 et
311 2591 411 2669 locis,
436 2589 624 2656 discretioni
649 2596 704 2656 tue
720 2589 917 2670 auctoritate
943 2587 1142 2672 presentium
1166 2587 1316 2654 concedi·

196 2717 268 2764 mus
290 2697 491 2764 facultatem.
511 2699 630 2765 Datum
657 2697 811 2763 Laterani
837 2697 878 2774 ΙΙ.Ι
902 2713 1007 2762 nonas
1031 2693 1154 2779 Aprilis
1171 2689 1316 2780 (Pontifi-

198 2811 290 2871 catus
307 2803 424 2886 nostri)
441 2803 527 2871 anno
544 2802 725 2900 undecimo.

305 2977 367 3050 (IV.
379 2979 463 3035 lucae
475 2977 553 3052 pcipe
563 2975 758 3050 Regeslaibdl,
772 2975 899 3034 Theiuer
911 2975 949 3033 id.
963 2994 999 3034 nr.
1012 2976 1034 3032 l.
1047 2975 1074 3034 k.
1087 2973 1149 3032 lli.
1163 2973 1196 3047 l.)

625 3287 884 3300 η-α--υ-ι
