3210 5018
711 255 870 366 203..-
972 295 980 311 ·

222 461 273 524 tes
299 452 564 542 compositionem
589 451 692 536 ipsam
719 452 896 520 obseruare
921 461 1085 522 recusant.
1116 454 1282 536 Quocirca
1300 455 1346 524 di·

115 625 119 630 .
223 564 378 634 scretioni
392 569 501 629 uestra
517 579 575 648 per
591 561 785 646 Apostolioa
801 563 924 648 scripta
940 562 1157 641 mandamus,
1183 566 1345 650 quatinus,

224 677 254 744 si
270 679 322 741 est
337 673 384 738 ita
393 690 407 756 ‚·
418 669 524 736 dictos
540 667 748 754 sacerdotes,
773 677 809 736 ut
826 669 1094 757 compositionem
1110 671 1248 738 eandem
1264 673 1348 741 sicut

223 783 293 850 sine
319 778 483 865 pronitate
508 773 643 862 prouida
668 774 756 842 facta
783 783 834 844 est
860 785 893 844 et
909 777 952 843 ab
967 784 1104 862 utraque
1120 785 1215 865 parte
1230 788 1347 865 sponte

223 894 368 972 recepta,
384 885 473 952 acin
489 884 593 970 ipsius
603 883 759 971 Episcopi
770 885 887 952 litteris
898 885 1017 953 dicitur
1032 886 1160 973 plenius
1177 887 1346 973 contineri,

223 997 307 1064 siout
330 998 481 1060 tenentur
506 992 689 1076 chosroem,
716 993 891 1060 monitione
905 994 1070 1080 premissa
1094 1013 1153 1078 per
1176 1014 1346 1062 censuram

225 1101 484 1174 ecclesiasticam
509 1099 732 1186 appellatione
747 1108 873 1169 remota
890 1101 1027 1187 cogatis.
1060 1099 1185 1178 Quodsi
1200 1121 1264 1170 non
1281 1123 1346 1170 crn-

221 1231 280 1280 nea
296 1211 363 1297 hijs
379 1206 579 1293 exequendis
595 1209 766 1292 potueritis
790 1211 968 1294 interesse,
992 1208 1056 1276 duo
1081 1216 1225 1278 uestrum
1241 1226 1284 1278 ea
1298 1211 1345 1278 ni·

222 1319 414 1386 chilcminus
431 1323 641 1400 exequantur.
659 1317 779 1385 Datum
795 1319 952 1388 Laterani
962 1318 1039 1385 XII.
1051 1318 1120 1387 kal.
1131 1318 1250 1386 Martii.
1262 1321 1344 1387 Pon·

219 1423 360 1496 tificatus
375 1424 478 1493 nostri
493 1443 580 1493 anuo
596 1425 826 1495 tertiodecimae.

346 1601 490 1675 (Eredetie
509 1618 527 1658 a
545 1601 761 1660 scant-mirtoni
779 1601 932 1677 idapdtsdg
949 1599 1168 1689 lerdltdrdban.)

666 1844 912 1856 —u--n-—u

680 2099 685 2108 ’
759 2089 815 2210 aa.

219 2327 279 2393 IX.
296 2325 433 2414 Gerpcdy
442 2328 536 2414 pdpc
551 2323 726 2410 moperdeitu‘
740 2345 767 2402 a¹
777 2291 910 2412 mappae·
933 2327 1107 2414 lcirddycalo
1122 2349 1143 2392 a
1157 2348 1342 2415 aonqoyymg.

422 2435 493 2521 ppei
508 2433 623 2500 tiacdre
638 2433 812 2498 corrotkead
825 2434 1025 2523 odomdoycit.
1044 2437 1140 2500 1240.

149 2701 152 2712 ι
327 2610 506 2699 Gregorius
522 2609 705 2697 Episcopus
722 2629 837 2679 seruus
854 2631 1020 2680 seruorum
1037 2613 1101 2680 Dei
1117 2612 1246 2681 dilectis
1264 2611 1342 2681 filiis

223 2767 232 2787 .
248 2771 256 2788 .
275 2770 284 2788 .
299 2721 423 2789 Abbati
434 2727 466 2788 et
481 2719 663 2800 conuentui
677 2719 867 2806 Monasterij
884 2711 1003 2789 Sancti
1012 2721 1144 2789 Martini
1160 2722 1201 2789 de
1216 2723 1342 2789 Panno·

218 2831 273 2896 nia
299 2825 430 2896 Ordinis
455 2826 568 2895 Sancti
593 2825 761 2894 Benedicti
787 2829 970 2897 Jauriensis
986 2829 1138 2898 Diocesie
1154 2831 1292 2896 salutem
1309 2834 1343 2894 et

217 2937 440 3024 Apostolicam
450 2933 726 3004 benediccionem.
736 2936 841 3032 Quum
853 2957 874 3002 a
885 2937 978 3006 nobis
989 2939 1108 3025 petitur
1123 2936 1209 3021 quod
1224 2938 1343 3004 iustum

219 3049 271 3110 est
286 3051 319 3110 et
334 3043 528 3127 honesturn,
554 3047 622 3108 tam
638 3043 730 3128 uigor
746 3045 900 3130 equitatis
917 3064 1015 3128 quarn
1032 3045 1110 3113 ordo
1127 3045 1229 3128 exigit
1243 3045 1342 3113 ratio·

218 3152 269 3220 nis
279 3198 288 3234 ,
314 3159 349 3218 ut
373 3149 407 3216 id
423 3170 481 3237 per
498 3149 988 3242 sollicitudinem‘officiiuostri
1005 3154 1049 3220 ad
1065 3153 1209 3240 debitum
1225 3151 1342 3237 perdu-

218 3265 310 3326 catur
326 3257 486 3326 effectum.
503 3257 720 3343 significastis
738 3258 897 3343 siquidem
913 3257 1017 3342 nobis,
1035 3258 1121 3342 quod
1136 3277 1206 3324 cum
1217 3276 1277 3324 vos
1287 3257 1342 3322 de·

218 3367 320 3434 cimas
345 3364 454 3448 bladi,
480 3365 548 3432 uini
575 3373 607 3432 et
627 3367 833 3450 quarundam
850 3367 988 3432 aliarum
1004 3383 1112 3429 rerum
1129 3363 1163 3428 in
1180 3363 1342 3430 comitatu

217 3473 406 3558 Simigiensi
414 3473 628 3559 perceperitis
644 3457 844 3555 abantiquo,
863 3469 1052 3536 carissimus
1067 3471 1100 3536 in
1113 3469 1240 3537 Christo
1256 3468 1342 3537 filius

221 3590 333 3648 noster
349 3629 357 3646 .
376 3629 410 3648 ..
436 3569 580 3664 Vngarie
604 3581 674 3646 Rex
700 3575 840 3646 Illustris
859 3577 1047 3645 vicesimam
1062 3583 1188 3666 partem
1204 3577 1344 3648 decima-

218 3709 288 3756 rum
305 3689 470 3776 ipsarum,
497 3707 593 3771 quam
606 3685 717 3752 inclite
742 3683 977 3753 recordationis
992 3687 1245 3774 predecessores
1261 3687 1342 3770 eius,

226 3796 329 3863 uestri
354 3794 547 3862 Mouasterii
562 3791 760 3876 fundatores,
785 3795 956 3881 percipere
972 3791 1241 3878 consueuerant,‘
1253 3793 1345 3862 duxit

216 3904 273 3998 pia
288 3902 491 3970 liberalitate
508 3903 571 3988 ipsi
587 3903 787 3969 Monasterio
803 3903 1027 3988 relaxandam,
1047 3911 1141 3991 prout
1156 3901 1190 3979 in
1207 3901 1275 3969 suis
1291 3901 1341 3967 lit-

218 4011 298 4080 teris
314 4007 389 4076 inde
406 4009 565 4076 confectis
581 4009 700 4078 dicitur
722 4011 890 4077 contineri.
916 4009 1043 4080 Vestris
1069 4011 1167 4094 igitur
1190 4007 1342 4097 precibus

218 4116 387 4200 inclinati,
404 4115 490 4200 quod
505 4135 604 4201 super
620 4113 681 4183 hoe
697 4138 717 4184 a
734 4117 820 4184 dicto
836 4118 928 4204 Rege
944 4120 999 4204 pie
1015 4137 1055 4186 ac
1069 4115 1202 4205 prouida
1218 4113 1341 4180 iactum

219 4231 270 4292 est
279 4274 298 4310 ,¹
317 4226 517 4292 auctoritate
542 4221 734 4308 Apostolica
749 4225 982 4292 'confirmamus
999 4234 1031 4290 ct
1046 4223 1210 4312 presentis
1227 4219 1342 4304 scripti

217 4332 402 4415 patrocinio
427 4329 670 4410 communimus.
695 4327 787 4396 Nulli
811 4351 889 4416 ergo
906 4333 1036 4398 omnino
1052 4331 1216 4398 hominurn
1232 4327 1340 4410 liceat,

216 4437 300 4506 hanc
315 4439 472 4526 paginam
490 4445 600 4506 nostre
626 4435 879 4506 confirmationis
898 4439 1095 4526 infringere,
1121 4437 1176 4503 uel
1201 4435 1232 4502 ei
1255 4453 1339 4504 ausu

215 4547 387 4614 temerario
414 4546 586 4615 contraire.
619 4546 728 4631 Siquis
755 4553 864 4614 autem
881 4551 1078 4632 attemptare
1093 4543 1339 4632 presumpserit
