3154 5030
278 1001 407 1094 Friqyee
422 1002 578 1068 ammai
590 967 718 1088 derceey
733 1021 755 1064 o
770 1000 940 1066 comoed
951 943 1129 1090 pttspdiodez
1144 1002 1176 1066 da
1186 997 1406 1085 kdptolasrdoa

591 1126 777 1194 cqyoseoaon
792 1107 958 1196 tdryyban.
976 1107 1063 1214 1241Ι
1068 1151 1077 1170 .

382 1287 519 1356 Dilectis
546 1291 580 1354 et
595 1283 804 1372 'specialibus
820 1284 1136 1354 amicisvenerabili
1151 1285 1404 1355 constanciensi

275 1377 442 1484 Episcopo
456 1395 581 1478 totique
597 1393 752 1480 Capitale
769 1441 775 1456 .
793 1440 801 1458 .
819 1443 827 1458 .
844 1393 1032 1476 Fridericns
1043 1394 1107 1460 Dei
1122 1395 1239 1480 gracia
1250 1391 1404 1460 anAn·

276 1504 356 1572 stris
372 1508 405 1570 et
420 1504 586 1596 Styrensie
602 1509 635 1571 et
651 1503 802 1572 dominns
835 1503 1060 1571 Osmiolensis
1075 1503 1203 1572 sincere
1218 1501 1406 1570 dilectionis

276 1615 310 1680 et
324 1610 470 1696 obsequii
485 1611 695 1678 voluntatem.
720 1609 881 1678 Rumcres
898 1611 939 1678 de
955 1609 1083 1677 actibus
1101 1615 1134 1677 et
1150 1631 1308 1699 processu
1323 1611 1406 1678 'Par-

276 1725 437 1807 tarcrnm,
462 1737 543 1804 quas
568 1725 680 1809 vestra
705 1719 837 1788 dilectio
853 1717 1022 1787 desiderat
1039 1737 1098 1807 per
1115 1739 1177 1788 nos
1197 1721 1291 1804 scire,
1307 1719 1406 1788 nobis

274 1826 448 1896 scribimus
463 1832 499 1893 nt
513 1825 653 1913 petistis.
670 1827 819 1913 Regnum
828 1825 1057 1910 Hungarornm
1075 1827 1179 1896 eiecto
1193 1829 1294 1916 Rege,
1311 1829 1406 1896 Dnce

275 1935 469 2004 Polonornm
485 1933 669 2019 interiecto,
680 1935 713 2001 in
727 1935 972 2004 desolationem
988 1936 1119 2004 transiit
1137 1937 1329 2021 generalem
1345 1956 1406 2022 per

275 2043 492 2132 predictorum
517 2043 642 2110 rabiem
666 2049 700 2111 et
725 2043 901 2130 insultum,
928 2045 1049 2132 quique
1064 2044 1171 2112 eciam
1190 2066 1263 2114 oum
1279 2045 1324 2114 ad
1339 2051 1404 2114 ter-

274 2171 345 2219 ram
360 2157 505 2218 nostram
520 2151 729 2238 pervenirent
744 2157 778 2220 et
792 2173 973 2240 pauperum
999 2141 1267 2238 pemcnn'circc
1281 2153 1406 2224 limites

277 2265 456 2328 attererent
470 2261 689 2346 percurrendo
699 2309 709 2345 ,
735 2280 776 2330 ex
800 2261 881 2347 ipsis
900 2281 960 2347 per
975 2259 1136 2329 exercitia
1154 2268 1267 2328 nostre
1283 2261 1407 2328 milicie

275 2367 543 2458 septingenties}
558 2366 700 2455 amplius
716 2369 924 2453 ceciderunt,
941 2375 1101 2458 ponentes
1118 2369 1152 2435 in
1163 2369 1306 2438 Domino
1323 2367 1405 2436 fidn-

278 2477 363 2546 ciam
380 2483 414 2544 et
428 2495 521 2563 spem
537 2481 670 2563 certam,
687 2478 776 2563 qnod
791 2479 931 2566 amplius
943 2477 986 2547 ad
1001 2477 1157 2547 honorem
1174 2477 1241 2545 Dei
1251 2485 1291 2552 ,ct
1305 2477 1407 2546 totins

276 2583 531 2655 christianitatis
557 2605 700 2674 pernes
724 2591 876 2673 potenter
902 2587 1061 2655 dictomm
1089 2585 1216 2656 turbini
1231 2587 1407 2655 resistatur

196 2687 201 2698 ’
276 2693 495 2779 Tartarorum,
513 2693 591 2761 licet
606 2691 733 2762 illorum
748 2695 897 2780 potentia
912 2701 1012 2779 atque
1029 2695 1132 2762 nirtns
1150 2693 1408 2782 superplnrima

275 2805 393 2888 Regna
410 2801 571 2870 hactenns
586 2802 631 2871 sit
646 2807 794 2872 extensa.
827 2801 881 2871 Ad
905 2803 966 2872 hoc
996 2803 1074 2887 qnia
1100 2799 1266 2870 dilectioni
1294 2809 1407 2871 vestre

274 2931 339 2980 non
352 2910 515 2978 immerito
531 2929 580 2997 ec,
595 2909 856 2998 qncdadnostra
867 2913 1076 2999 beneplacita
1086 2913 1251 2999 exponitis
1263 2930 1324 2980 vos
1341 2930 1403 2998 pa·

275 3027 377 3104 ratos,
393 3017 512 3086 edesse
529 3017 684 3088 debemus
700 3021 899 3108 etuolnmns
914 3041 1000 3089 nnnc
1015 3025 1049 3088 et
1066 3039 1201 3106 semper
1209 3015 1408 3088 fiducialiter

275 3127 407 3199 anobis
424 3146 445 3195 a
461 3127 558 3194 modo
575 3128 740 3214 expetatis
750 3117 767 3213 ,¹
789 3145 852 3213 qne
875 3136 985 3200 uestro
1009 3127 1135 3217 placita
1155 3125 1275 3196 inerint
1287 3127 1407 3196 volun-

274 3237 344 3307 tati.
372 3233 442 3315 Quo
458 3239 492 3302 et
506 3253 567 3304 nos
582 3237 692 3325 parati
707 3235 823 3304 offerre
840 3237 967 3307 sincere
983 3238 1105 3308 erimus
1125 3235 1256 3304 allecto.
1282 3235 1406 3304 Datum

279 3347 417 3416 Wienne
433 3343 560 3415 decimo
576 3345 643 3415 lral.
661 3343 740 3415 Julii
757 3343 888 3433 (1241).
1403 3349 1409 3356 “

276 3521 434 3596 (llosnrayr
445 3523 525 3595 atde,
538 3522 668 3584 Goldene
680 3521 805 3581 coronis
823 3539 881 3582 son
892 3522 1180 3596 Hohensclrsrangaa
1191 3521 1228 3580 lt
1241 3525 1313 3580 esst
1326 3519 1373 3576 70.
1387 3522 1409 3578 l.

720 3616 747 3670 9.
759 3630 802 3670 ss.
815 3631 841 3670 a
857 3616 961 3685 croc.)

727 3875 970 3888 ——n——n—-ae
