3184 5064
730 315 894 416 Q

249 503 397 596 sacriste,
415 513 486 580 eius
503 511 814 598 patrisspiritualis,
825 513 913 580 Dese
925 513 1103 596 Michaelis,
1119 513 1262 601 Philippi
1279 516 1373 600 (lusu,

247 619 415 688 Laurentii
432 621 524 688 Dece
541 627 574 686 et
583 623 722 708 plurium
734 623 884 691 alierum.
902 621 972 705 Ego
990 619 1172 688 Geruasius
1190 622 1373 690 Grubessce

248 744 312 792 scrr
356 747 376 793 r.

314 745 587 918 pulltechucae
602 835 808 921 spalatensis
818 837 1012 921 Oencnicns,
1029 838 1164 904 iuratus
1174 835 1373 922 Communis,

245 939 311 1027 biis
336 939 468 1009 interlui
494 949 527 1009 et
553 942 690 1011 audiens
706 965 728 1012 a
744 944 891 1032 predicta
916 943 1023 1012 Tichu
1037 950 1174 1026 rogetus
1191 943 1254 1011 hcc
1271 945 1371 1012 breve

244 1047 371 1135 scripsi.
397 1049 514 1117 Actum
541 1049 628 1119 infru
644 1053 762 1121 ambas
778 1058 890 1140 portas
906 1052 1115 1140 presentibus
1132 1049 1292 1116 Stsnlcba
1309 1053 1370 1120 Ve-

244 1157 395 1266 nitumre,
411 1159 538 1228 Jaccbc
556 1160 645 1228 Petri
662 1160 802 1231 testibus
819 1182 860 1230 ex
877 1162 963 1230 aliis.

244 1350 348 1422 (xvn.
372 1351 491 1411 subsedi
517 1353 623 1413 hiteles
633 1355 754 1430 Jegyrbi
766 1351 948 1426 mesolatbcl,
962 1358 1042 1431 mely
1054 1375 1072 1414 s
1083 1357 1163 1416 beeri
1176 1357 1304 1418 estestri
1321 1361 1368 1416 tit·

600 1445 653 1504 kos
666 1443 845 1504 leveltlrbsn
858 1447 1016 1522 usmeta.)

762 2094 842 2162 tae.

237 2269 267 2336 A
282 2273 373 2359 pyb'rr‘
388 2273 545 2361 'criptulus
561 2275 760 2362 biscrryedpa,
776 2275 855 2362 bepy
871 2271 998 2361 Oymclt
1018 2271 1173 2360 bdyecpre
1188 2269 1361 2336 wnctkceb

342 2381 410 2446 cett
424 2383 600 2470 cltmdnyclr
616 2382 704 2450 albae
721 2381 1028 2471 hctnytelsaitettek.
1042 2382 1129 2446 1260
1144 2379 1246 2445 knut.

343 2559 414 2628 Nos
439 2559 624 2646 Capitulum
651 2562 800 2630 Ecclesie
824 2561 1006 2631 Jeuriensis
1023 2559 1178 2627 memorie
1194 2577 1358 2626 cemmen-

236 2665 352 2734 dantes
370 2663 592 2750 significamus
609 2669 729 2750 quibus
746 2669 899 2756 expedit:
925 2669 1021 2747 Quod
1048 2666 1256 2752 privilegium
1273 2683 1357 2749 supe

233 2771 443 2839 restitucione
454 2779 540 2839 terre
556 2773 691 2858 (lymclt
708 2795 767 2860 per
784 2773 1008 2841 venerabilem
1023 2779 1151 2858 putrem
1169 2771 1208 2838 0.
1225 2772 1356 2858 Episco-

234 2899 310 2964 pum
327 2886 472 2946 nostrum
489 2879 683 2963 conlectum,
700 2889 735 2948 et
750 2881 879 2948 litteras
896 2897 953 2946 seu
969 2881 1187 2948 instrumenta
1203 2878 1357 2943 uniuersa

233 3007 294 3073 per
319 2985 507 3073 Capitulum
533 2985 738 3054 Varudiense
764 2995 798 3055 et
822 2987 959 3054 Nobiles
976 2987 1017 3054 de
1032 2987 1134 3066 Beeb,
1152 2987 1184 3051 ln
1200 3003 1356 3072 processu

233 3114 332 3163 cause
355 3100 440 3162 terre
457 3093 630 3182 Gymulta
645 3096 893 3180 quibuscunque
919 3094 1088 3182 jndicibus
1105 3099 1219 3161 centra
1235 3094 1355 3161 ulteru-

231 3207 312 3269 trum
344 3203 586 3289 impetrassent,
619 3205 702 3271 sicut
727 3204 885 3273 Nicolaus
910 3202 1111 3272 Vice-Judex
1128 3203 1226 3270 (luris
1250 3203 1354 3289 Regis

231 3331 302 3378 cum
319 3312 388 3380 sule
419 3311 645 3381 conludicibus
662 3312 707 3380 ad
723 3313 1008 3382 determinandam
1025 3331 1158 3380 causam
1182 3315 1269 3377 terre
1284 3330 1353 3380 me·

231 3417 360 3486 murate'
390 3417 557 3505 deputatis
582 3420 809 3506 decreuerunt,
834 3427 929 3508 prout
953 3421 1130 3490 eorundem
1147 3419 1242 3487 nobis
1259 3419 1352 3490 litere

229 3525 457 3613 declarabunt,
489 3535 601 3615 partes
634 3527 779 3598 uicissim
810 3548 919 3596 corum
950 3527 1045 3596 nubis
1077 3533 1292 3594 cessauernnt
1320 3534 1352 3593 et

228 3632 474 3720 mortificarunt,
492 3635 540 3702 ita
556 3645 591 3702 ut
607 3655 670 3720 que
680 3637 826 3722 parcium
843 3637 956 3720 aliqua
973 3656 1014 3704 ex
1030 3634 1111 3720 ipsis
1128 3635 1351 3702 instrumentis

229 3760 331 3827 penes
347 3763 384 3810 se
400 3763 437 3811 se
453 3751 670 3827 reservasset,
701 3745 888 3830 ubicunque
920 3748 1054 3812 ostense
1079 3741 1210 3829 fuerint,
1226 3741 1350 3811 uiribus

227 3857 364 3920 careant
392 3851 554 3920 firmitatis
572 3857 604 3918 et
620 3852 761 3920 maxime
792 3871 1009 3937 quancunque
1042 3847 1130 3938 (lgy)
1163 3849 1349 3935 Ospitulum

227 3955 442 4030 Varadiensls
474 3959 626 4028 Ecclesie
657 3960 724 4028 vllc
749 3981 892 4045 unquam
916 3968 1064 4047 tempere
1079 3959 1215 4042 aliquod
1231 3958 1349 4028 instru-

225 4072 367 4134 mentum
397 4066 461 4134 sibi
494 4077 681 4136 reseruaret
707 4087 804 4154 super
828 4077 917 4138 terra
933 4068 1076 4157 Gymclt,
1095 4087 1161 4152 qua
1177 4069 1210 4134 in
1226 4069 1285 4134 lite
1313 4087 1348 4132 re

224 4181 354 4259 ceptum
371 4179 485 4243 contra
499 4174 627 4246 nobiles
644 4177 686 4244 dc
701 4177 789 4244 Beeb
806 4177 999 4261 exhibuerit,
1025 4183 1191 4264 tamquam
1218 4193 1348 4244 cassum

223 4285 257 4346 et
271 4279 371 4350 inane
385 4281 512 4350 uiribus
528 4290 712 4356 censeatur.

376 4473 525 4548 (Eredetie
538 4495 556 4534 a
568 4477 723 4552 Kisfsludy
734 4477 835 4536 esalad
847 4476 1058 4538 levdlttrlban.
1078 4474 1182 4546 esest.)

655 4677 921 4695 ψ
