3220 5058
727 261 887 368 ’‘o—o-

250 461 394 530 e'coleaia
408 468 441 529 et
456 459 723 548 possessionibus
738 457 783 527 ad
799 481 873 530 eam
889 461 1127 550 pertinentibus
1143 479 1183 526 er
1200 463 1319 548 Regia,
1337 467 1372 528 ut

250 567 345 654 dicit,
363 569 539 639 donatione
554 568 689 653 retinet,
706 575 740 637 et
754 569 1110 640 reddere'oontradicit.
1136 569 1231 638 Unde
1245 569 1371 638 bumili-

250 685 301 748 ter
315 679 551 768 supplicarunt,
567 683 604 745 ut
620 697 692 744 cum
708 685 741 745 te
756 677 886 746 omnino
902 697 967 746 nou
982 678 1110 764 deceat,
1127 678 1214 764 quod
1229 697 1301 745 cum
1311 679 1371 746 lde-

250 788 428 857 cleaiarum
444 788 569 856 iactura
583 785 631 854 sis
647 785 916 873 aliialiberalis,
939 785 1018 873 quin
1042 789 1151 874 potius
1175 787 1291 855 honori
1316 792 1371 854 tuo

251 896 425 966 conueniat
435 948 445 983 ,
469 916 528 966 eas
545 896 586 964 de
601 895 745 984 proprijs
761 885 973 964 facultatibus
996 901 1226 981 augmentare3
1252 895 1372 964 adesse

250 1006 315 1076 sibi
330 1025 429 1092 super
443 1004 504 1072 boc
520 1003 773 1073 misericorditer
789 1005 1010 1089 dignaremur.
1033 1005 1188 1072 Preterea
1203 1003 1372 1071 referenti-

249 1117 313 1184 bus
328 1113 452 1182 eisdem
469 1113 599 1182 Abbate
626 1119 660 1180 et
684 1112 854 1180 Conuentu
873 1113 1064 1197 didicimus,
1091 1111 1177 1196 quod
1200 1111 1305 1178 dictus
1330 1112 1372 1179 D.

250 1223 367 1292 domes
383 1221 549 1307 quandam
566 1241 676 1289 eorum
692 1219 833 1289 insulam
850 1222 883 1288 in
899 1221 1073 1304 Danubio,
1098 1218 1194 1288 Obda
1208 1219 1372 1302 videlicet,

249 1351 308 1418 per
323 1328 501 1416 priuilegia
516 1330 565 1397 eis
581 1330 686 1415 Regia
702 1329 927 1398 confirmatam
944 1349 1016 1396 oum
1031 1327 1145 1396 decem
1158 1345 1324 1395 seruorum
1341 1335 1374 1397 et

250 1444 387 1523 quatuor
412 1438 611 1524 piscatorum
643 1439 868 1506 mansionibus
898 1437 1022 1504 detinet
1052 1437 1222 1504 uiolenter.
1256 1436 1374 1504 (lomes

251 1563 379 1629 quoque
396 1543 437 1610 dc
447 1545 582 1629 Budrng
598 1543 761 1628 tributum,
777 1545 865 1630 quod
880 1545 929 1612 eia
945 1544 987 1610 de
1001 1544 1073 1611 loro
1089 1549 1123 1610 et
1137 1550 1232 1629 portu
1242 1539 1373 1610 Budruo

251 1651 419 1738 competit,
434 1657 557 1720 temere
573 1652 765 1738 occupauit,
780 1671 822 1718 ac
835 1651 1008 1720 restituere
1024 1649 1229 1718 eonoadioit.
1245 1649 1288 1714 lit
1302 1667 1374 1716 cum

250 1759 335 1825 bone
351 1761 505 1826 memorie
522 1761 556 1828 S.
573 1759 835 1827 Archidiaoonua
851 1759 894 1826 de
910 1758 1004 1843 Papa
1020 1757 1182 1844 capellam
1199 1757 1375 1838 quamdam

251 1867 344 1934 iuxta
358 1867 519 1954 palatium
536 1886 629 1936 suum
645 1869 688 1937 ab
704 1867 776 1954 ipso
793 1875 1011 1935 constructam
1028 1884 1098 1932 cum
1109 1863 1375 1952 possessionibus

252 1979 286 2040 et
301 1974 379 2060 alija
395 1977 440 2043 ad
455 1994 529 2043 eam
544 1973 784 2061 pertinentibus
800 1975 843 2042 de
859 1981 914 2042 tuo
931 1981 964 2043 et
979 1973 1134 2060 Episcopi
1145 1967 1313 2040 diocesani
1322 1988 1374 2037 aa·

253 2100 362 2168 sensu,
378 2083 454 2150 dum
470 2082 579 2152 adhue
594 2084 738 2169 uiueret,
756 2084 839 2170 ipsis
855 2082 1071 2164 concesserit,
1089 2099 1128 2148 ao
1142 2078 1277 2148 mndem
1292 2097 1376 2144 mor-

252 2193 316 2274 tuo,
328 2195 362 2256 et
376 2210 436 2274 per
451 2190 584 2260 eoadem
600 2189 742 2274 quodum
757 2191 792 2256 in
809 2210 848 2257 eo
865 2189 1036 2259 sacerdote
1046 2187 1206 2256 monacho
1217 2185 1376 2254 institutor

252 2297 422 2364 Fabianus
438 2297 532 2366 milas
547 2297 588 2366 de
604 2300 760 2367 mandato
775 2301 898 2385 Regio,
914 2305 950 2365 ut
965 2299 1103 2381 asserit,
1120 2296 1282 2384 capellam
1299 2315 1377 2366 aan-

252 2403 326 2470 dem
343 2404 448 2472 eiecto
464 2403 539 2473 inde
554 2407 702 2491 predicto
718 2407 888 2491 monacho,
906 2427 979 2474 cum
994 2405 1158 2472 uniuersis
1168 2401 1212 2470 ad
1222 2421 1295 2469 eam
1305 2423 1376 2490 per·

254 2510 431 2579 timentibus
447 2531 609 2599 occupare
624 2514 834 2601 presumpsit.
859 2515 963 2601 Super
979 2511 1096 2597 quibua
1112 2503 1260 2579 omnibus
1276 2511 1376 2596 ijdem

253 2619 480 2705 Apostolioum
494 2620 673 2688 remedium
683 2621 905 2709 implorarunt
916 2619 1076 2701 Quocirca
1085 2619 1304 2686 Serenitatem
1313 2619 1376 2684 lle·

116 2795 126 2812 ,
254 2724 344 2812 giam
358 2745 525 2796 monemur
541 2733 575 2796 et
589 2728 757 2796 hortamur
772 2729 807 2798 in
818 2728 969 2812 Domino,
984 2729 1136 2813 quatinus
1152 2733 1186 2793 te
1201 2726 1236 2792 in
1251 2725 1378 2810 bonge-

253 2852 330 2900 rens
354 2841 389 2901 ut
413 2833 563 2902 deuotum
588 2837 771 2922 Principem
787 2846 821 2906 et
837 2837 1133 2907 ecclesiastieorum
1152 2835 1268 2902 iuriam
1294 2833 1378 2900 aela-

254 2947 367 3028 torem,
383 2943 533 3030 predicta
548 2945 675 3013 restitui
691 2944 796 3015 iacias
812 2947 1014 3016 Menanterio
1028 2949 1219 3028 memorato,
1236 2943 1283 3010 ita
1293 2942 1379 3026 quod

256 3053 357 3118 talem
373 3057 406 3118 et
420 3059 545 3120 tantum
560 3061 778 3140 protectorem
792 3076 829 3124 se
844 3055 967 3124 habere
983 3055 1108 3134 letetur,
1126 3062 1159 3120 et
1174 3061 1229 3120 tue
1245 3049 1379 3118 sinceri·

256 3159 335 3226 tatia
350 3159 480 3228 deuotio
496 3163 584 3250 apud
600 3161 705 3231 Deum
720 3165 826 3252 possit
851 3171 885 3231 et
908 3163 1056 3230 homines
1072 3161 1200 3246 exinde
1217 3175 1377 3226 commen·

258 3264 341 3332 dari
374 3269 415 3336 Iit
440 3289 511 3338 eum
536 3271 675 3358 predicti
699 3273 814 3342 Abbas
840 3279 873 3340 et
894 3271 1082 3338 conuentus
1097 3286 1195 3354 super
1210 3265 1380 3352 premissis

262 3392 396 3444 eausam
419 3398 478 3465 per
503 3379 630 3449 litteras
653 3382 860 3468 Apostolioaa
883 3379 1030 3447 habeant
1045 3397 1117 3444 oum
1134 3375 1299 3443 nobilibus
1314 3391 1379 3440 me·

258 3483 404 3567 moratis,
419 3505 626 3573 nequaquam
643 3507 743 3575 super
757 3487 823 3572 hijs
837 3493 870 3553 ta
886 3505 1015 3572 oppone
1024 3535 1034 3572 ,
1060 3483 1120 3552 sed
1135 3483 1244 3571 potius
1259 3483 1293 3550 in
1309 3481 1379 3548 iure

258 3592 473 3664 encaeniatus
490 3595 632 3680 eisdem;
648 3593 883 3681 interponendo
899 3595 1034 3679 insuper
1048 3591 1182 3681 proDei
1192 3588 1379 3658 reuerentia

258 3705 325 3768 tam
342 3704 531 3790 superbiis,
547 3723 646 3788 qnam
662 3723 761 3790 super
773 3723 886 3786 causa,
898 3721 962 3786 que
977 3703 1061 3769 inter
1076 3701 1257 3790 predictum
1267 3699 1379 3768 blena-

258 3809 443 3890 steriumet
457 3814 644 3883 Ecclesiam
658 3815 834 3882 Aliensem
849 3813 995 3899 vertitur,
1011 3819 1125 3901 partes
1140 3818 1234 3894 mas,
1266 3817 1302 3878 ut
1317 3811 1380 3877 etsi

128 3967 134 3976 .
259 3938 326 3985 nou
340 3917 481 4006 iudicio,
497 3924 734 4010 compositione¹
748 3927 865 3992 saltem
882 3921 1049 3991 amicabili
1065 3917 1255 4005 questiones
1270 3919 1380 3986 huius·

259 4025 349 4094 medi
365 4031 552 4116 sopiantur;
577 4037 610 4100 et
625 4053 696 4101 oum
712 4032 756 4100 ad
772 4029 1029 4119 componendum
1044 4029 1250 4115 interipsum
1266 4027 1380 4093 Mona·

259 4138 394 4206 sterium
418 4143 451 4204 et
474 4139 637 4226 prolatam
661 4141 838 4211 Albensem
863 4139 1047 4210 Eccledam
1063 4136 1193 4226 ceperis
1210 4134 1380 4201 intendere

257 4265 318 4330 per
333 4247 493 4334 teipsum,
518 4269 579 4318 nos
599 4249 708 4336 adid,
725 4271 798 4320 eum
814 4251 858 4321 sit
872 4251 962 4338 plum
979 4255 1012 4316 et
1027 4245 1207 4332 laudabile,
1223 4239 1381 4327 Regulam

256 4355 494 4428 Gelsitudinem
519 4359 708 4429 excitamus.
740 4359 796 4428 Sic
819 4362 931 4446 itaque
955 4377 1070 4446 preces
1087 4363 1120 4426 et
1136 4353 1379 4425 exhortationes

255 4481 391 4546 uosbas
408 4471 563 4542 admittas
572 4525 582 4560 ,
599 4471 685 4557 quod
701 4494 722 4541 a
737 4473 809 4543 Deo
825 4470 901 4540 inde
917 4467 1073 4553 consequi
1089 4466 1204 4534 naleas
1220 4463 1381 4547 meritum,

255 4593 292 4654 et
311 4583 539 4673 Apostolieum
565 4585 713 4652 fauorem
737 4589 770 4650 et
795 4575 938 4650 nostrum
954 4580 988 4650 in
1003 4575 1069 4646 tuis
1085 4569 1381 4661 opportunitatibus
