3184 5064
269 420 366 506 pliois
376 417 739 488 munimineroboretes.
750 422 872 490 Datum
882 421 1403 491 annoeblnoemeoioneDomini

270 525 445 598 millesimo
470 526 694 595 ducentesimo
719 530 947 614 sexagesimo,
964 529 1019 598 Vl.
1050 529 1129 599 ldus
1145 529 1270 616 Meroii,
1292 531 1398 615 Regni

270 639 380 704 eutem
394 634 499 704 nostri
514 654 602 704 euno
618 635 773 706 rioesimo
789 639 915 723 quinto.

681 831 737 900 (An
759 833 869 892 eredeti
882 831 973 906 utdn.)

705 1149 972 1164 *-

787 1583 867 1656 221.

269 1769 331 1840 IV.
354 1767 438 1838 Bae
461 1765 569 1857 kirdly
592 1765 774 1858 Ssiplipetet
798 1793 819 1834 ιι
835 1766 1072 1856 paoooodalme’
1095 1769 1294 1856 opdtrdpoole
1317 1770 1394 1837 ado·

680 1880 859 1965 mdoyozzo.
884 1877 983 1944 1260.

376 2057 460 2127 Bele
474 2055 538 2126 Dei
553 2057 667 2144 gretie
680 2053 869 2140 Hungerie,
884 2054 1078 2142 Durineoie,
1095 2059 1254 2140 (troanie,
1279 2027 1392 2144 lleme,

268 2163 386 2236 Seruio
395 2215 406 2252 ,
422 2164 565 2236 Gellioie
574 2215 584 2253 ,
600 2165 795 2236 Lodomerie
804 2217 814 2252 ,
831 2165 1055 2249 (lumenieqne
1071 2165 1143 2233 Rex
1159 2167 1393 2253 omnibuspre·

267 2280 380 2344 sentes
394 2275 522 2343 litteras
536 2274 733 2362 inspeetnris
753 2275 893 2344 salntem
919 2275 953 2342 in
977 2275 1119 2344 Domino
1150 2277 1392 2362 sempiternam.

269 2380 522 2471 vtgdonseiones
536 2385 660 2470 Regum
675 2390 836 2472 perpetuu
850 2381 1001 2452 firmitate
1011 2381 1203 2468 solidentur,
1214 2385 1393 2454 litterarum

267 2491 375 2560 solent
389 2491 576 2560 testimonio
608 2491 807 2560 eommuniri.
832 2492 974 2562 Proinde
999 2493 1044 2562 ed
1058 2491 1286 2561 uniuersorum
1311 2492 1393 2560 noti·

269 2599 353 2668 oium
368 2597 482 2668 herum
498 2600 584 2669 serie
599 2601 748 2669 volumus
764 2601 955 2688 peruenire,
981 2601 1069 2685 quod
1094 2620 1168 2668 eum
1185 2600 1264 2668 olim
1279 2600 1392 2685 Regno

266 2713 376 2778 nostro
408 2709 607 2797 depopulato
633 2730 655 2777 e
678 2709 829 2778 barbaris
855 2709 1061 2795 nacionibus,
1088 2717 1121 2776 et
1144 2705 1391 2797 styrempnide

267 2815 478 2889 Terterorum
508 2819 716 2904 permittente
745 2821 799 2888 rel
818 2819 953 2886 iubente
977 2819 1115 2886 Domino
1145 2837 1231 2904 pene
1262 2819 1391 2904 penitus

269 2923 453 3012 deuesteto,
469 2929 634 3014 timentes,
651 2949 694 2996 ne
702 2931 846 3013 Regnum
865 2929 972 3014 ipsum
991 2925 1035 2996 ed
1060 2927 1323 2997 exinanieionem
1346 2924 1392 2993 vl·

268 3035 380 3102 tinem
396 3033 582 3116 deveniret,
598 3057 639 3106 eo
656 3037 904 3124 desiderantes,
931 3037 1017 3121 quod
1041 3035 1178 3120 reliquie
1203 3032 1317 3122 populi
1334 3031 1390 3099 Di·

268 3142 347 3210 uine
362 3142 582 3228 disposicione
598 3143 740 3214 dominio
756 3153 869 3214 nostro
886 3145 1026 3214 subiecti
1043 3143 1255 3230 prouidenoie
1278 3147 1391 3210 nostru

268 3252 366 3320 selue
380 3249 507 3339 terent,
523 3253 677 3321 innoeeto
692 3255 857 3321 Beronum
873 3254 978 3321 tocius
994 3254 1099 3339 Regni
1124 3251 1228 3320 nostri
1253 3249 1390 3317 oonsilio

267 3359 510 3446 ordinaturus,
535 3359 622 3445 quod
649 3361 683 3428 in
709 3361 790 3429 loeis
813 3361 901 3445 aptis
926 3360 960 3426 in
985 3359 1135 3427 omnibus
1150 3357 1246 3426 terris
1262 3356 1390 3424 (totone

267 3473 378 3536 nostre
395 3467 553 3536 subiectis
568 3467 769 3536 municiones
785 3467 918 3552 fierent,
939 3475 1052 3536 eastre
1067 3472 1256 3551 surgerent,
1282 3465 1339 3533 ubi
1353 3481 1390 3530 se

267 3575 408 3661 populns
420 3575 613 3644 imminente
628 3576 871 3662 perseouoionis
887 3583 1033 3660 tempore
1048 3576 1166 3644 uelutis
1193 3593 1295 3642 oense
1310 3573 1391 3639 reoi-

267 3700 348 3769 pere
360 3690 485 3791 posset
509 3689 542 3750 et
569 3686 712 3752 soluere.
736 3685 779 3752 Et
794 3693 829 3752 vt
858 3683 1042 3752 huiusmodi
1071 3683 1214 3751 salubris
1245 3679 1390 3767 prouisio

266 3790 466 3860 commodius
476 3791 646 3861 duceretur
656 3793 699 3860 sd
712 3791 872 3878 effeotem,
888 3791 951 3859 hoo
961 3811 1012 3858 ner
1003 3775 1140 3858 surmus
1156 3788 1388 3869 moderamine,

267 3896 396 3982 quod
370 3919 399 3966 si
414 3899 535 3984 uliquis
550 3902 700 3987 priuatos
716 3903 822 3969 loeum
837 3903 1000 3988 optineret
1015 3901 1113 3971 situm
1129 3899 1246 3966 fortem
1262 3915 1389 3983 permu

266 4005 409 4074 tediosis
433 4025 493 4075 seu
518 4009 585 4076 elio
610 4009 697 4077 iusto
714 4011 818 4097 titulo,
834 4008 1021 4095 publicatus
1053 4007 1266 4074 communiter
1290 4003 1390 4072 elioui

266 4111 463 4182 multitudini
478 4115 645 4184 hominnm
660 4119 872 4202 deputaretur
888 4115 1142 4204 construendus,
1159 4115 1212 4182 vel
1228 4115 1258 4184 si
1274 4111 1390 4182 similis

267 4221 358 4292 loeus
389 4223 451 4294 snb
481 4225 586 4310 Regin
616 4225 771 4292 existeret
814 4229 998 4311 potestate,
1036 4224 1064 4292 is
1106 4223 1256 4292 similiter
1281 4222 1390 4308 priua·

271 4337 388 4418 torum,
418 4333 473 4401 vel
503 4332 738 4419 lleolesiorum,
768 4339 826 4401 eut
855 4335 1058 4402 Preietorum
1089 4330 1266 4400 donaretur
1306 4327 1390 4410 veui,

268 4446 306 4510 ut
321 4441 385 4508 hoo
400 4439 550 4511 adhibito
580 4440 803 4512 moderamine
833 4443 908 4510 looe
924 4443 1027 4510 loreis
1048 4459 1178 4527 semper
1201 4437 1269 4506 illis
1293 4437 1391 4521 depu-

266 4555 426 4636 tarentur,
441 4569 500 4636 per
515 4569 652 4636 qnorum
668 4550 914 4636 prouidenoiem
931 4556 1119 4620 oonstruute
1133 4547 1262 4634 refugia
1277 4545 1392 4614 fierent
