3010 5024
830 261 896 330 306

777 349 940 360 ψ--η

290 459 398 531 niente
407 511 417 547 ,
433 481 474 530 se
489 461 579 530 nullo
595 459 725 548 penitus
741 457 985 528 oontrsdiotore
1002 457 1184 543 existente,
1213 456 1423 528 verdideruut

290 588 350 658 pre
366 569 499 640 ineunt
515 570 637 638 nereis
653 570 782 654 urgenti
797 567 906 638 minus
933 567 1061 636 fertone
1087 565 1312 653 perhenniter
1329 567 1424 653 possi

290 675 648 763 nummorumque
673 695 859 763 sumpmnm
883 675 1021 764 peounie
1047 673 1194 744 oout'essi
1219 683 1304 743 sunt
1329 694 1369 741 se
1392 673 1427 740 nd

290 786 425 874 plennm
442 785 621 871 recepisse.
638 781 833 871 Obliguntes
848 803 883 852 se
897 785 1061 872 prenotati
1072 782 1235 868 homiues,
1271 782 1424 870 expedire
1476 773 1477 852 i

288 892 410 962 dietum
425 891 571 962 Povksm
587 900 621 960 et
636 893 706 961 eius
721 891 860 962 heredes
881 915 903 962 n
918 889 1128 978 quibuslibet,
1139 891 1327 958 ooessione
1344 891 1423 958 dicte

289 1001 479 1072 medietatis
494 1009 583 1070 terre
597 1001 806 1069 notertsnte.
837 1002 881 1068 Vt
896 1007 1007 1069 nutem
1021 997 1187 1067 huismodi
1212 998 1423 1068 vendicionis
1476 1027 1477 1030 ¹

289 1131 330 1180 so
345 1107 526 1197 empetonis
542 1107 645 1176 series
656 1127 767 1176 eornm
778 1107 875 1178 nobis
890 1107 1194 1190 ordiustunequeet
1204 1105 1423 1192 imposterum

289 1239 349 1308 per
364 1215 551 1304 quempism
566 1219 764 1311 restructuri,
780 1216 931 1302 portibus
947 1217 994 1284 sie
1011 1213 1197 1284 volentibus
1218 1220 1252 1281 et
1285 1217 1424 1302 petenti-

292 1329 355 1394 bus
371 1327 404 1392 in
430 1323 654 1392 testimoninm
681 1325 902 1411 predictorum
928 1329 1098 1409 presentes
1124 1325 1364 1392 oonoessimus
1378 1325 1422 1391 lit·

287 1441 378 1502 terss
394 1431 496 1517 sigilli
512 1431 613 1498 nostri
630 1434 806 1501 munimine
820 1433 1003 1502 roboretur.
1034 1431 1155 1499 Datum
1179 1451 1269 1500 enno
1289 1433 1422 1500 Domini
1476 1469 1477 1492 r

286 1539 411 1610 MOOL.
451 1547 579 1608 ooteno.
618 1538 730 1606 Aaron
770 1541 931 1624 (tentore,
972 1537 1101 1606 'Phoron
1132 1538 1310 1626 Custode,
1354 1543 1418 1608 tis·
1476 1553 1477 1568 ¹

287 1647 531 1732 tirsoDeouno,
556 1645 640 1716 Jnrk
656 1655 689 1714 ot
703 1647 842 1714 Nieolno
862 1646 1111 1730 sacerdotibus,
1137 1645 1242 1734 tyren
1266 1656 1304 1716 et
1329 1650 1422 1717 Petro
1476 1643 1477 1734 ᾖ

287 1757 453 1844 iisgistris
462 1805 473 1842 ,
490 1757 682 1840 osterisqne
697 1756 863 1824 oenoniois
882 1755 1112 1824 existentibus.
1476 1745 1477 1750 ’

674 1950 731 2023 (As
750 1952 859 2011 eredeti
883 1949 962 2010 netu.
987 1947 1090 2020 curs)

809 2671 884 2739 21⁰.

283 2871 315 2941 Δ
329 2874 422 2963 ppttrt
435 2867 590 2958 kdptulon
609 2867 880 2956 br’zonpsdpleoelr,
897 2875 976 2956 hopy
991 2891 1013 2933 α
1030 2867 1265 2960 puouoolrolmr'
1279 2872 1417 2955 apcitsdp

283 3005 306 3048 o
320 2983 393 3047 nodi
407 2984 478 3045 meir
493 2979 555 3044 oda
573 2975 642 3044 irtte
652 2973 802 3064 soldaio
820 2977 913 3041 neree
933 2975 1000 3042 toto
1019 2977 1132 3064 toperi
1156 2975 1314 3042 lukosnole
1337 2975 1415 3041 losd-

663 3085 821 3172 nesmdnyt
838 3095 902 3150 retr.
921 3085 1019 3150 1258.

390 3283 575 3373 (ispitulum
592 3281 741 3349 Eooieeie
757 3280 938 3350 Jeuriensis
954 3281 1103 3350 omnibns
1123 3281 1245 3350 Christi
1259 3280 1415 3350 fidelibus

283 3395 488 3481 presencium
504 3390 746 3477 inspectoribus
763 3389 902 3457 salutem
918 3389 953 3457 in
969 3396 1104 3458 suetore
1129 3389 1255 3457 uelutis.
1274 3391 1415 3459 Vniuer-

281 3501 372 3570 sitsti
387 3499 622 3569 vestrehsrum
637 3497 951 3582 seriedeolsrnmus,
969 3497 1217 3582 quodJohenne
1232 3497 1336 3565 fratre
1346 3501 1415 3567 iio·

281 3607 419 3677 nestorii
435 3607 550 3676 Sancti
564 3606 696 3674 Martini
713 3605 754 3672 de
770 3607 874 3676 Ssoro
890 3607 1004 3675 Monte
1020 3607 1199 3692 Pennonie,
1214 3625 1254 3672 so
1266 3605 1413 3674 Murtino

281 3715 435 3800 omnint,
452 3714 578 3784 Gemite
594 3712 739 3798 eiusdem
752 3711 943 3781 Monnsterii
955 3733 997 3781 ex
1007 3721 1198 3802 uneperte3
1214 3715 1413 3800 etGhembe,

280 3824 397 3909 Petro,
415 3823 601 3909 Feritrum,
617 3825 807 3908 Valentino,
824 3823 932 3890 Baths
941 3873 950 3908 ,
967 3829 1002 3890 et
1017 3823 1180 3910 Tyburoio
1196 3821 1331 3889 deuille
1346 3823 1413 3890 Ts-

280 3951 347 4017 psn
363 3949 404 3998 ex
419 3933 528 4001 aliern
545 3953 655 4000 eornm
672 3933 768 4000 nobis
785 3931 984 4015 eonstiterit,
1009 3931 1107 3998 iidem
1124 3931 1224 4000 freter
1239 3933 1413 4001 Johnnnee

279 4045 313 4104 et
328 4039 488 4106 Martinus
505 4039 623 4107 Comes
639 4046 716 4106 sunt
731 4037 895 4123 confessi,
911 4037 998 4123 qnod
1014 4058 1088 4106 oum
1098 4041 1297 4108 uenerabilis
1313 4049 1412 4125 pater

278 4146 390 4215 Fsuus
405 4146 520 4214 Abbns
536 4153 569 4214 et
584 4147 773 4216 conuentus
789 4147 930 4234 predicti
946 4149 1140 4216 Monosterii
1156 4149 1302 4216 Chembe
1311 4199 1321 4234 ,
1349 4151 1412 4217 Pe-

278 4263 383 4342 trum,
401 4253 605 4338 Ferentium,
622 4257 842 4340 Valentinum,
860 4255 968 4321 Bothe
978 4305 987 4340 ‚
1013 4265 1047 4324 et
1060 4255 1258 4344 Tyburoium
1279 4258 1412 4325 untedi-

278 4370 349 4432 otes
364 4383 474 4432 eorem
490 4361 624 4432 domino
639 4363 729 4450 Rege
745 4363 988 4442 oonueniesent,
1016 4369 1204 4450 repetentes
1221 4367 1264 4432 sb
1280 4365 1408 4435 eisdem

276 4469 409 4538 rsoione
425 4473 720 4542 oommeteueitetie
730 4473 942 4541 medietatem
953 4479 1039 4540 terre
1047 4473 1082 4541 in
1094 4472 1212 4560 (iopen
1222 4473 1412 4560 existentis,

278 4585 386 4662 empte
402 4579 445 4646 eb
462 4579 651 4648 Alexandro
668 4577 734 4644 filio
749 4575 942 4663 Alexandri,
960 4586 993 4647 et
1010 4579 1194 4665 Reginaldo
1211 4582 1253 4649 de
1269 4600 1409 4666 genere-
