3140 5044
683 243 825 352 ,3,ξὲ-

180 443 238 508 ubi
254 439 515 510 conterminantur
541 437 647 520 (licto,
665 445 698 504 et
714 437 826 523 Poule,
845 445 878 507 et
894 459 1012 524 aquarn
1029 443 1140 524 llecb,
1167 444 1311 512 totaliter

182 549 324 636 respicit
351 545 499 614 Ethnrnb
516 554 550 611 et
574 565 652 612 snos
678 551 856 632 cognatos3
881 550 954 616 bino
970 551 1033 616 itur
1050 553 1143 619 iuxta
1158 551 1251 618 Kecb
1267 551 1311 619 aul

183 664 335 740 stagnum
362 653 574 734 Ourloustbo‚
607 654 663 722 ubi
679 659 756 722 sunt
772 653 836 722 due
862 661 947 750 mete
955 707 964 741 ,
991 663 1023 724 et
1039 657 1085 724 ibi
1102 665 1310 744 separatura

182 774 272 832 terra
288 763 392 844 Gicte,
420 767 453 828 et
468 763 516 828 sic
541 764 742 830 terminatur.
759 763 803 832 Ut
817 764 917 847 igitur
943 764 1091 832 Etbnrub
1119 773 1152 832 et
1180 766 1230 832 sui
1256 787 1309 834 co-

183 872 277 956 gnati
293 889 352 954 per
367 876 555 938 castrenses
565 871 678 956 sepius
691 873 797 938 dictos
823 871 865 938 de
885 877 991 939 cetero
1018 893 1082 941 non
1109 873 1237 958 possint
1254 874 1308 940 de·

183 977 331 1044 fraudari
342 977 375 1042 in
386 976 455 1043 iure
471 997 530 1044 suo
547 997 656 1045 coram
666 979 760 1046 nobis
776 979 923 1062 legitime
938 985 1078 1065 optento,
1095 980 1222 1046 litteras
1237 999 1310 1065 pre-

183 1091 292 1152 sentes
308 1084 351 1150 ad
367 1087 557 1152 memoriam
573 1083 652 1152 facti
677 1085 787 1170 sigillo
803 1092 916 1154 nostro
932 1087 1076 1153 munitas
1092 1085 1242 1153 duximus
1258 1085 1309 1152 eis
1422 1102 1425 1110 ·

183 1192 422 1260 concedendas.
448 1192 566 1260 Datum
592 1193 724 1260 Posonii
749 1195 781 1260 in
807 1193 892 1260 festo
917 1194 1014 1262 Beati
1031 1193 1181 1277 Gregorii
1219 1193 1308 1279 Pape

183 1319 271 1365 anno
287 1299 419 1364 Domini
436 1300 609 1368 millesimo
625 1300 845 1368 ducentesimo
863 1301 1135 1384 quinquagesimo
1149 1297 1261 1368 tercio.

363 1472 475 1544 (Rurtal
488 1473 558 1531 utdn
571 1475 610 1530 id.
623 1493 659 1532 m.
669 1476 705 1531 ΙΙ.
718 1477 777 1534 lut.
791 1475 870 1548 tilgg.
881 1475 962 1532 xvl.
978 1477 998 1532 l.
1014 1475 1117 1546 vacat.)
1257 1543 1260 1550 ⁴

745 1775 878 1784 --.--—-.

704 2208 780 2272 lbi.

183 2404 212 2468 A
229 2405 320 2469 boati
344 2403 500 2498 kdptalaa
525 2403 786 2488 bizoapodplcvele
795 2454 805 2484 ,
837 2405 916 2490 hopy
934 2405 1006 2468 Hel>
1020 2405 1161 2490 profecit
1176 2415 1307 2492 liz-vepye

184 2511 378 2576 Pazacaoac
385 2512 452 2576 leoli
461 2509 596 2574 obcelet
607 2511 863 2596 apotoaoatolmi
872 2515 1046 2600 apotacpro
1057 2512 1201 2577 rechma.
1210 2515 1307 2577 1263.

290 2705 473 2792 Capitulum
490 2706 638 2775 Ecclesia
650 2705 829 2771 Hantensis
844 2704 1005 2773 uniuersis
1021 2713 1089 2772 tam
1100 2675 1309 2792 presentibus

184 2835 281 2900 quam
298 2815 413 2881 futuris
429 2833 565 2900 presens
581 2814 736 2898 scriptum
752 2813 949 2898 inspecturis
966 2815 1105 2880 salutem
1119 2813 1152 2878 in
1163 2814 1305 2880 omnium

182 2925 365 2992 Salinatore.
382 2923 433 2990 ld
449 2924 675 2990 uniuersorum
701 2919 857 2988 noticiam
872 2921 1045 3006 pervenire
1062 2921 1209 2986 volumus
1234 2939 1307 3007 pre·

186 3033 329 3098 sancium
346 3051 404 3116 per
415 3033 573 3114 tenorem,
590 3029 677 3114 quod
692 3028 805 3096 relicta
821 3029 953 3096 Comitis
969 3027 1044 3092 Hah
1061 3028 1094 3094 in
1111 3028 1213 3094 nostri
1229 3047 1303 3113 per·

183 3139 339 3206 sonaliter
348 3139 520 3224 presencia
530 3138 708 3205 constituta
718 3133 871 3202 confessa
883 3140 933 3200 est
943 3134 1020 3200 viva
1030 3154 1121 3216 voce,
1132 3135 1222 3218 quod
1233 3154 1305 3201 cnm

184 3255 303 3314 terram
329 3265 421 3312 suam
447 3247 490 3314 de
507 3248 661 3324 Pannan5
698 3263 794 3326 quam
810 3261 869 3326 pro
886 3240 961 3308 dote
980 3261 1040 3308 sna
1056 3243 1098 3307 ab
1115 3239 1250 3308 Andrea
1266 3240 1307 3306 de

152 3413 155 3420 .
186 3355 335 3438 vignau,
350 3354 490 3420 Nicolao
500 3353 566 3420 lilio
576 3372 646 3436 suo,
663 3357 696 3417 ct
712 3349 856 3436 Mykone
871 3346 939 3414 filio
949 3347 1049 3433 Myke
1059 3347 1207 3430 abuerat,
1219 3347 1307 3414 Rose

188 3461 308 3528 dilecte
322 3459 388 3528 filie
405 3481 465 3528 sue
488 3481 548 3546 pro
565 3457 797 3545 multiplicibus
822 3453 1002 3540 pietatibus
1018 3462 1051 3522 et
1067 3454 1303 3522 dilectionibus

183 3567 326 3636 filialiter
352 3569 416 3636 sibi
441 3569 591 3672 exibitis,
619 3587 690 3633 oum
707 3570 843 3650 quatuor
860 3564 965 3632 vincis
983 3563 1104 3631 ibidem
1119 3563 1153 3630 in
1169 3565 1303 3632 Pannan

188 3673 316 3743 Sukuro
333 3677 526 3766 constitutis,
544 3676 660 3759 servis,
677 3671 849 3751 libertinis,
860 3671 998 3756 ancillis,
1010 3693 1049 3738 ac
1066 3671 1141 3739 aliis
1158 3671 1304 3740 utilitati·

184 3783 246 3850 bus
256 3779 444 3870 (dedisset);
457 3791 553 3870 prout
567 3785 600 3848 iu
611 3781 715 3849 literis
727 3779 872 3867 Capituli
893 3780 915 3846 J
917 3777 1078 3846 auriensis
1093 3779 1221 3866 plenius
1233 3799 1307 3846 con·

184 3893 323 3977 tinetur3
348 3897 381 3958 ct
395 3893 601 3977 postmodum
620 3891 695 3977 ipsa
715 3890 847 3958 domina
866 3887 964 3966 Rosa,
976 3887 1131 3956 laborans
1148 3887 1181 3954 in
1202 3893 1307 3953 extre·

186 4000 257 4076 mis,
274 4000 307 4064 in
323 3999 495 4085 presencia
503 4000 639 4068 fratrum
656 3996 770 4066 Sancti
786 3995 916 4064 llartini
933 3995 974 4062 de
985 3995 1086 4064 Sacro
1099 3993 1208 4062 Monte
1223 3995 1307 4060 Pan·

184 4103 292 4190 nonis,
310 4106 366 4191 qui
381 4125 441 4192 per
458 4105 595 4174 candem
612 4105 720 4172 vocati
732 4101 954 4186 aduenerant,
977 4101 1157 4169 secundum
1173 4097 1259 4181 quod
1276 4097 1308 4160 in

184 4214 303 4282 litteris
314 4215 460 4282 seriatim
471 4215 658 4282 Conventus
668 4211 1045 4296 ciusdemcognovimus,
1058 4211 1173 4276 iterum
1184 4201 1308 4272 adma-

185 4341 246 4390 nus
257 4321 389 4390 dominc
400 4321 516 4390 matris
535 4341 594 4390 sue
614 4317 856 4408 possessionem
867 4317 1088 4405 supradictam
1101 4333 1172 4380 cum
1183 4309 1309 4378 eisdem

184 4429 390 4512 utilitatibus,
403 4431 521 4516 quibus
533 4431 596 4500 sibi
607 4431 728 4498 collata
736 4427 857 4514 fuerat,
868 4425 1054 4510 reliquisset
1062 4417 1309 4508 possidendam

188 4538 325 4608 candem
341 4545 463 4608 terram
479 4559 552 4610 oum
569 4545 707 4625 quatuor
722 4536 827 4606 uineis
843 4531 1020 4602 antedictis
1029 4527 1180 4598 Ecclesia
1196 4521 1309 4590 Sancti
