3220 5058
324 959 383 1026 lm
400 959 533 1048 Herpely
542 965 634 1048 popa
650 985 672 1028 a
685 957 963 1046 assessionem·
975 962 1187 1052 moussiae
1204 972 1391 1051 appuimus

729 1069 858 1158 dppben
874 1071 972 1136 1237.

396 1284 575 1366 Gregorius
591 1283 775 1371 Episcopus
791 1288 851 1353 eto.
868 1283 996 1354 dilectis
1010 1283 1088 1352 filiis
1103 1285 1256 1372 capitulo
1271 1283 1406 1350 Albensi

289 1391 540 1477 vesprimiensis
549 1393 701 1460 Dionesis
711 1395 850 1462 salutern
861 1400 922 1462 eto.
939 1392 1142 1462 Preseutium
1159 1393 1253 1460 robis
1269 1391 1408 1460 auotori-

289 1507 358 1568 tute
374 1499 564 1567 mandemus
573 1551 583 1585 ,
604 1507 761 1583 quatenus
777 1519 850 1567 oum
865 1523 887 1568 e
901 1500 1085 1569 venerabili
1100 1502 1202 1568 fratre
1217 1507 1329 1567 nostro
1346 1546 1354 1562 .
1371 1548 1379 1564 .
1399 1547 1408 1564 .

290 1607 526 1693 vesprimiensi
536 1609 698 1695 Episoopo
709 1616 742 1676 et
751 1608 879 1676 dileetis
896 1607 972 1675 filiis
988 1657 997 1674 .
1015 1658 1023 1674 .
1042 1655 1050 1672 .
1066 1607 1196 1676 Abbete
1212 1607 1253 1674 de
1264 1605 1410 1673 Booham

288 1715 514 1784 (isterciensis
539 1714 670 1783 Ordinis
695 1715 948 1806 Vesprimiensis
965 1713 1117 1784 Diooesis
1143 1721 1175 1782 et
1199 1715 1300 1782 fretre
1316 1713 1410 1780 Rem·

288 1821 396 1890 baudo
411 1823 524 1891 Priore
538 1823 738 1891 Prosinoieli
755 1824 939 1911 Hospitalis
955 1823 1213 1890 Jerosolimiteni
1237 1820 1271 1886 in
1297 1817 1408 1907 Unge-

288 1931 339 1998 ris
348 1980 357 2015 ,
383 1931 600 1999 srenersbili
615 1931 717 1998 fratre
733 1939 845 1998 nostro
866 1981 874 1997 .
893 1981 900 1995 .
916 1979 924 1994 .
949 1931 1138 1999 Pmuestino
1153 1929 1319 2016 Episcopo
1334 1947 1409 1995 exe·

291 2037 455 2105 sutoribus
471 2039 637 2125 deputatis
647 2089 656 2124 ,
681 2035 823 2106 Mioheel
848 2039 933 2106 letor
957 2038 1156 2125 presentium
1172 2036 1216 2104 ed
1232 2035 1410 2104 Albensem

290 2147 534 2232 Propositurom
543 2197 552 2232 ,
569 2155 601 2214 et
617 2149 661 2216 ed
676 2167 736 2230 ee,
752 2167 815 2231 que
832 2152 906 2214 sunt
922 2147 1029 2213 eidem
1044 2147 1251 2232 Propositure
1267 2163 1411 2230 ennexsl

291 2253 388 2320 fuerit
403 2254 623 2339 restituisset
638 2256 703 2340 ipsi
717 2256 811 2323 robis
828 2255 1036 2336 immiserint,
1048 2243 1084 2322 ut
1098 2253 1277 2322 intendetis
1293 2251 1411 2338 eidem,

290 2361 325 2428 id
341 2359 468 2428 effieere
483 2359 555 2428 sine
568 2381 657 2429 more
673 2361 845 2448 dispendio
859 2365 1060 2448 prooureIis3
1076 2383 1141 2430 non
1151 2361 1313 2447 obstante,
1323 2357 1413 2446 quod

291 2469 371 2538 olim
386 2469 480 2538 vobis
495 2471 615 2540 nostris
631 2469 779 2538 dedimus
794 2469 913 2539 litteris
929 2472 963 2538 in
978 2471 1153 2555 mandetis,
1177 2475 1293 2537 utnon
1308 2469 1413 2535 inteu-

292 2576 405 2644 deritis
415 2575 531 2664 eidem,
543 2597 710 2664 quousque
721 2597 818 2665 super
832 2579 896 2645 hoo
911 2581 1055 2664 speoisle
1070 2577 1259 2664 reciperetis
1275 2576 1413 2662 sbApo·

293 2686 410 2753 stolioe
420 2684 507 2754 Sede
516 2685 713 2754 mundatum.
730 2685 854 2754 Datum
863 2687 1001 2755 Viierbii
1017 2687 1110 2756 XIII.
1121 2685 1188 2754 ksl.
1199 2683 1298 2769 Junii,
1315 2683 1413 2770 (Pou-

293 2789 437 2862 tifioatus
454 2791 571 2881 nostri)
587 2813 674 2862 anno
689 2792 872 2864 undeoimo.

384 2985 447 3059 (IX.
460 2987 588 3062 Gergely
599 2990 676 3066 pipo
687 2987 876 3061 Regestdibol
887 2987 1012 3046 'I‘neiner
1024 2988 1062 3044 id.
1075 2987 1147 3044 rn.1.
1160 2986 1188 3044 k.
1205 2985 1266 3043 154.
1280 2985 1313 3060 l.)
