<?xml version="1.0" encoding="UTF-8"?>
<!DOCTYPE html PUBLIC "-//W3C//DTD XHTML 1.0 Transitional//EN"
    "http://www.w3.org/TR/xhtml1/DTD/xhtml1-transitional.dtd">
<html xmlns="http://www.w3.org/1999/xhtml" xml:lang="en" lang="en">
 <head>
  <title>
</title>
<meta http-equiv="Content-Type" content="text/html;charset=utf-8" />
  <meta name='ocr-system' content='tesseract 3.04.00' />
  <meta name='ocr-capabilities' content='ocr_page ocr_carea ocr_par ocr_line ocrx_word'/>
</head>
<body>
  <div class='ocr_page' id='page_1' title='image "./codexdiplomatic11wenzgoog_0159.png"; bbox 0 0 3154 5030; ppageno 0'>
   <div class='ocr_carea' id='block_1_1' title="bbox 330 911 1373 1154">
    <p class='ocr_par' dir='ltr' id='par_1_1' title="bbox 330 911 1373 1154">
     <span class='ocr_line' id='line_1_1' title="bbox 330 911 1373 1047; baseline -0.005 -23"><span class='ocrx_word' id='word_1_1' title='bbox 330 955 389 1024; x_wconf 78' lang='lat' dir='ltr'>uu</span> <span class='ocrx_word' id='word_1_2' title='bbox 405 955 544 1046; x_wconf 58' lang='lat' dir='ltr'>espany</span> <span class='ocrx_word' id='word_1_3' title='bbox 553 960 647 1047; x_wconf 70' lang='lat' dir='ltr'>popa</span> <span class='ocrx_word' id='word_1_4' title='bbox 663 957 814 1022; x_wconf 61' lang='lat' dir='ltr'>senec</span> <span class='ocrx_word' id='word_1_5' title='bbox 828 951 929 1022; x_wconf 68' lang='lat' dir='ltr'>sace</span> <span class='ocrx_word' id='word_1_6' title='bbox 944 951 1084 1022; x_wconf 65' lang='lat' dir='ltr'>uoces</span> <span class='ocrx_word' id='word_1_7' title='bbox 1097 911 1206 1022; x_wconf 59' lang='lat' dir='ltr'>roro</span> <span class='ocrx_word' id='word_1_8' title='bbox 1219 955 1373 1043; x_wconf 63' lang='lat' dir='ltr'>ursper-</span> 
     </span>
     <span class='ocr_line' id='line_1_2' title="bbox 352 1063 1342 1154; baseline -0.005 -20"><span class='ocrx_word' id='word_1_9' title='bbox 352 1067 528 1154; x_wconf 71' lang='lat' dir='ltr'>mchbao</span> <span class='ocrx_word' id='word_1_10' title='bbox 542 1067 590 1134; x_wconf 88' lang='lat' dir='ltr'>Il.</span> <span class='ocrx_word' id='word_1_11' title='bbox 606 1065 741 1154; x_wconf 76' lang='lat' dir='ltr'>Fn&#39;pyec</span> <span class='ocrx_word' id='word_1_12' title='bbox 753 1065 973 1131; x_wconf 73' lang='lat' dir='ltr'>rdosui&#39;udcnet</span> <span class='ocrx_word' id='word_1_13' title='bbox 987 1067 1114 1152; x_wconf 76' lang='lat' dir='ltr'>ccdccdr</span> <span class='ocrx_word' id='word_1_14' title='bbox 1129 1063 1217 1133; x_wconf 77' lang='lat' dir='ltr'>clleo.</span> <span class='ocrx_word' id='word_1_15' title='bbox 1245 1065 1342 1138; x_wconf 73' lang='lat'><em>1241,</em></span> 
     </span>
    </p>
   </div>
   <div class='ocr_carea' id='block_1_2' title="bbox 230 1241 1418 2850">
    <p class='ocr_par' dir='ltr' id='par_1_2' title="bbox 230 1241 1418 2850">
     <span class='ocr_line' id='line_1_3' title="bbox 391 1241 1416 1334; baseline -0.001 -21"><span class='ocrx_word' id='word_1_16' title='bbox 391 1244 572 1332; x_wconf 76' lang='lat' dir='ltr'>Gregorius</span> <span class='ocrx_word' id='word_1_17' title='bbox 592 1246 776 1334; x_wconf 71' lang='lat' dir='ltr'><strong>Episcopus</strong></span> <span class='ocrx_word' id='word_1_18' title='bbox 799 1249 861 1313; x_wconf 85' lang='lat' dir='ltr'>etc.</span> <span class='ocrx_word' id='word_1_19' title='bbox 887 1241 1007 1312; x_wconf 88' lang='lat' dir='ltr'>dilecto</span> <span class='ocrx_word' id='word_1_20' title='bbox 1028 1243 1096 1313; x_wconf 84' lang='lat' dir='ltr'>tilio</span> <span class='ocrx_word' id='word_1_21' title='bbox 1111 1243 1256 1313; x_wconf 85' lang='lat' dir='ltr'>Jobuuui</span> <span class='ocrx_word' id='word_1_22' title='bbox 1270 1243 1312 1312; x_wconf 90' lang='lat' dir='ltr'>de</span> <span class='ocrx_word' id='word_1_23' title='bbox 1328 1241 1416 1312; x_wconf 80' lang='lat' dir='ltr'>ciri-</span> 
     </span>
     <span class='ocr_line' id='line_1_4' title="bbox 285 1339 1414 1440; baseline -0.003 -21"><span class='ocrx_word' id='word_1_24' title='bbox 285 1339 356 1421; x_wconf 76' lang='lat' dir='ltr'>tels</span> <span class='ocrx_word' id='word_1_25' title='bbox 372 1351 582 1423; x_wconf 84' lang='lat' dir='ltr'>Subdiueono</span> <span class='ocrx_word' id='word_1_26' title='bbox 607 1363 641 1422; x_wconf 87' lang='lat' dir='ltr'>et</span> <span class='ocrx_word' id='word_1_27' title='bbox 666 1353 850 1440; x_wconf 73' lang='lat' dir='ltr'>Capeliano</span> <span class='ocrx_word' id='word_1_28' title='bbox 866 1359 989 1437; x_wconf 78' lang='lat' dir='ltr'>nostro,</span> <span class='ocrx_word' id='word_1_29' title='bbox 1006 1353 1145 1420; x_wconf 80' lang='lat' dir='ltr'>sulutem</span> <span class='ocrx_word' id='word_1_30' title='bbox 1156 1359 1222 1419; x_wconf 85' lang='lat' dir='ltr'>etc.</span> <span class='ocrx_word' id='word_1_31' title='bbox 1255 1351 1335 1419; x_wconf 80' lang='lat' dir='ltr'>Guru</span> <span class='ocrx_word' id='word_1_32' title='bbox 1350 1349 1414 1417; x_wconf 87' lang='lat' dir='ltr'>tibi</span> 
     </span>
     <span class='ocr_line' id='line_1_5' title="bbox 286 1445 1415 1550; baseline 0.001 -24"><span class='ocrx_word' id='word_1_33' title='bbox 286 1457 475 1530; x_wconf 83' lang='lat' dir='ltr'>duxerimus</span> <span class='ocrx_word' id='word_1_34' title='bbox 493 1449 743 1550; x_wconf 79' lang='lat' dir='ltr'>iniungendum,</span> <span class='ocrx_word' id='word_1_35' title='bbox 767 1467 934 1534; x_wconf 82' lang='lat' dir='ltr'>utcontrn</span> <span class='ocrx_word' id='word_1_36' title='bbox 947 1461 1152 1530; x_wconf 64' lang='lat' dir='ltr'>Ridericum</span> <span class='ocrx_word' id='word_1_37' title='bbox 1167 1445 1290 1528; x_wconf 84' lang='lat' dir='ltr'>dictum</span> <span class='ocrx_word' id='word_1_38' title='bbox 1306 1460 1415 1546; x_wconf 86' lang='lat' dir='ltr'>Impe-</span> 
     </span>
     <span class='ocr_line' id='line_1_6' title="bbox 230 1565 1414 1658; baseline -0.004 -17"><span class='ocrx_word' id='word_1_39' title='bbox 230 1629 236 1641; x_wconf 95' lang='lat'><em>.</em></span> <span class='ocrx_word' id='word_1_40' title='bbox 285 1577 437 1654; x_wconf 75' lang='lat' dir='ltr'>retorem,</span> <span class='ocrx_word' id='word_1_41' title='bbox 453 1569 647 1658; x_wconf 76' lang='lat' dir='ltr'>perditionis</span> <span class='ocrx_word' id='word_1_42' title='bbox 669 1570 792 1657; x_wconf 84' lang='lat' dir='ltr'>tilium,</span> <span class='ocrx_word' id='word_1_43' title='bbox 810 1571 844 1638; x_wconf 90' lang='lat' dir='ltr'>in</span> <span class='ocrx_word' id='word_1_44' title='bbox 860 1571 1004 1657; x_wconf 79' lang='lat' dir='ltr'>Ungorie</span> <span class='ocrx_word' id='word_1_45' title='bbox 1021 1571 1136 1657; x_wconf 80' lang='lat' dir='ltr'>Regno</span> <span class='ocrx_word' id='word_1_46' title='bbox 1152 1569 1289 1638; x_wconf 85' lang='lat' dir='ltr'>verbnm</span> <span class='ocrx_word' id='word_1_47' title='bbox 1306 1565 1414 1636; x_wconf 83' lang='lat' dir='ltr'>erucis</span> 
     </span>
     <span class='ocr_line' id='line_1_7' title="bbox 283 1669 1416 1770; baseline -0.001 -26"><span class='ocrx_word' id='word_1_48' title='bbox 283 1696 505 1766; x_wconf 79' lang='lat' dir='ltr'>proponeres,</span> <span class='ocrx_word' id='word_1_49' title='bbox 523 1687 557 1748; x_wconf 86' lang='lat' dir='ltr'>et</span> <span class='ocrx_word' id='word_1_50' title='bbox 571 1669 723 1764; x_wconf 84' lang='lat' dir='ltr'>nonnulii</span> <span class='ocrx_word' id='word_1_51' title='bbox 739 1681 772 1746; x_wconf 92' lang='lat' dir='ltr'>in</span> <span class='ocrx_word' id='word_1_52' title='bbox 788 1678 882 1746; x_wconf 90' lang='lat' dir='ltr'>dicto</span> <span class='ocrx_word' id='word_1_53' title='bbox 893 1679 1008 1766; x_wconf 82' lang='lat' dir='ltr'>Regno</span> <span class='ocrx_word' id='word_1_54' title='bbox 1026 1679 1060 1746; x_wconf 92' lang='lat' dir='ltr'>in</span> <span class='ocrx_word' id='word_1_55' title='bbox 1076 1687 1163 1770; x_wconf 87' lang='lat' dir='ltr'>terre</span> <span class='ocrx_word' id='word_1_56' title='bbox 1178 1683 1291 1746; x_wconf 81' lang='lat' dir='ltr'>sancte</span> <span class='ocrx_word' id='word_1_57' title='bbox 1308 1675 1416 1745; x_wconf 86' lang='lat' dir='ltr'>subsi-</span> 
     </span>
     <span class='ocr_line' id='line_1_8' title="bbox 284 1785 1416 1880; baseline -0.001 -28"><span class='ocrx_word' id='word_1_58' title='bbox 284 1785 374 1852; x_wconf 76' lang='lat' dir='ltr'>dun</span> <span class='ocrx_word' id='word_1_59' title='bbox 392 1788 601 1874; x_wconf 83' lang='lat' dir='ltr'>susceperint</span> <span class='ocrx_word' id='word_1_60' title='bbox 616 1789 746 1871; x_wconf 82' lang='lat' dir='ltr'>siguum</span> <span class='ocrx_word' id='word_1_61' title='bbox 762 1787 868 1854; x_wconf 89' lang='lat' dir='ltr'>erucis</span> <span class='ocrx_word' id='word_1_62' title='bbox 878 1836 887 1872; x_wconf 91' lang='lat'><strong><em>,</em></strong></span> <span class='ocrx_word' id='word_1_63' title='bbox 908 1805 956 1854; x_wconf 86' lang='lat' dir='ltr'>ex</span> <span class='ocrx_word' id='word_1_64' title='bbox 981 1807 1044 1870; x_wconf 90' lang='lat' dir='ltr'>quo</span> <span class='ocrx_word' id='word_1_65' title='bbox 1063 1787 1331 1880; x_wconf 89' lang='lat' dir='ltr'>impedimentum</span> <span class='ocrx_word' id='word_1_66' title='bbox 1345 1805 1416 1852; x_wconf 92' lang='lat' dir='ltr'>uon</span> 
     </span>
     <span class='ocr_line' id='line_1_9' title="bbox 285 1893 1415 1982; baseline 0 -22"><span class='ocrx_word' id='word_1_67' title='bbox 285 1893 448 1962; x_wconf 87' lang='lat' dir='ltr'>modicum</span> <span class='ocrx_word' id='word_1_68' title='bbox 464 1901 520 1962; x_wconf 89' lang='lat' dir='ltr'>tuo</span> <span class='ocrx_word' id='word_1_69' title='bbox 536 1895 705 1982; x_wconf 90' lang='lat' dir='ltr'>proposito</span> <span class='ocrx_word' id='word_1_70' title='bbox 717 1903 910 1981; x_wconf 78' lang='lat' dir='ltr'>generetur:</span> <span class='ocrx_word' id='word_1_71' title='bbox 926 1915 988 1962; x_wconf 89' lang='lat' dir='ltr'>uos</span> <span class='ocrx_word' id='word_1_72' title='bbox 996 1898 1213 1980; x_wconf 80' lang='lat' dir='ltr'>attendentes,</span> <span class='ocrx_word' id='word_1_73' title='bbox 1223 1894 1311 1981; x_wconf 88' lang='lat' dir='ltr'>quod</span> <span class='ocrx_word' id='word_1_74' title='bbox 1319 1901 1415 1960; x_wconf 74' lang='lat' dir='ltr'>tento</span> 
     </span>
     <span class='ocr_line' id='line_1_10' title="bbox 285 2000 1413 2090; baseline -0.001 -22"><span class='ocrx_word' id='word_1_75' title='bbox 285 2001 452 2076; x_wconf 70' lang='lat' dir='ltr'>salubrius</span> <span class='ocrx_word' id='word_1_76' title='bbox 468 2009 519 2070; x_wconf 90' lang='lat' dir='ltr'>est</span> <span class='ocrx_word' id='word_1_77' title='bbox 530 2005 720 2090; x_wconf 88' lang='lat' dir='ltr'>Apostolice</span> <span class='ocrx_word' id='word_1_78' title='bbox 737 2003 816 2072; x_wconf 83' lang='lat' dir='ltr'>Sedi</span> <span class='ocrx_word' id='word_1_79' title='bbox 831 2005 865 2070; x_wconf 91' lang='lat' dir='ltr'>in</span> <span class='ocrx_word' id='word_1_80' title='bbox 881 2003 942 2070; x_wconf 91' lang='lat' dir='ltr'>hoc</span> <span class='ocrx_word' id='word_1_81' title='bbox 958 2004 1167 2072; x_wconf 76' lang='lat' dir='ltr'>necessitatis</span> <span class='ocrx_word' id='word_1_82' title='bbox 1184 2003 1319 2073; x_wconf 75' lang='lat' dir='ltr'>articulo</span> <span class='ocrx_word' id='word_1_83' title='bbox 1335 2000 1413 2070; x_wconf 89' lang='lat' dir='ltr'>snb·</span> 
     </span>
     <span class='ocr_line' id='line_1_11' title="bbox 285 2097 1416 2200; baseline 0.001 -22"><span class='ocrx_word' id='word_1_84' title='bbox 285 2111 417 2194; x_wconf 78' lang='lat' dir='ltr'>uenire,</span> <span class='ocrx_word' id='word_1_85' title='bbox 430 2100 554 2196; x_wconf 78' lang='lat' dir='ltr'>&#39;quanto</span> <span class='ocrx_word' id='word_1_86' title='bbox 571 2113 645 2200; x_wconf 80' lang='lat' dir='ltr'>ipsu</span> <span class='ocrx_word' id='word_1_87' title='bbox 660 2101 765 2180; x_wconf 82' lang='lat' dir='ltr'>muter</span> <span class='ocrx_word' id='word_1_88' title='bbox 781 2121 814 2180; x_wconf 89' lang='lat' dir='ltr'>et</span> <span class='ocrx_word' id='word_1_89' title='bbox 830 2111 1021 2199; x_wconf 16' lang='lat' dir='ltr'>ceputpddei</span> <span class='ocrx_word' id='word_1_90' title='bbox 1031 2114 1064 2180; x_wconf 92' lang='lat' dir='ltr'>in</span> <span class='ocrx_word' id='word_1_91' title='bbox 1080 2113 1214 2199; x_wconf 58' lang='lat' dir='ltr'>marius</span> <span class='ocrx_word' id='word_1_92' title='bbox 1232 2097 1416 2179; x_wconf 73' lang='lat' dir='ltr'>Christiani</span> 
     </span>
     <span class='ocr_line' id='line_1_12' title="bbox 286 2219 1417 2307; baseline 0.003 -25"><span class='ocrx_word' id='word_1_93' title='bbox 286 2219 426 2286; x_wconf 91' lang='lat' dir='ltr'>noruiuis</span> <span class='ocrx_word' id='word_1_94' title='bbox 443 2220 628 2304; x_wconf 86' lang='lat' dir='ltr'>periculum</span> <span class='ocrx_word' id='word_1_95' title='bbox 643 2221 872 2307; x_wconf 54' lang='lat' dir='ltr'>impugnatum</span> <span class='ocrx_word' id='word_1_96' title='bbox 890 2219 1057 2294; x_wconf 82' lang='lat' dir='ltr'>devotioni</span> <span class='ocrx_word' id='word_1_97' title='bbox 1072 2231 1136 2302; x_wconf 88' lang='lat' dir='ltr'>tue,</span> <span class='ocrx_word' id='word_1_98' title='bbox 1162 2227 1196 2288; x_wconf 86' lang='lat' dir='ltr'>ut</span> <span class='ocrx_word' id='word_1_99' title='bbox 1211 2229 1290 2289; x_wconf 79' lang='lat' dir='ltr'>vote</span> <span class='ocrx_word' id='word_1_100' title='bbox 1305 2237 1417 2290; x_wconf 85' lang='lat' dir='ltr'>cruce-</span> 
     </span>
     <span class='ocr_line' id='line_1_13' title="bbox 287 2325 1418 2413; baseline 0.004 -21"><span class='ocrx_word' id='word_1_101' title='bbox 287 2325 489 2412; x_wconf 76' lang='lat' dir='ltr'>signatorum</span> <span class='ocrx_word' id='word_1_102' title='bbox 505 2329 650 2413; x_wconf 90' lang='lat' dir='ltr'>ipsorum</span> <span class='ocrx_word' id='word_1_103' title='bbox 675 2329 708 2395; x_wconf 94' lang='lat' dir='ltr'>in</span> <span class='ocrx_word' id='word_1_104' title='bbox 736 2327 962 2397; x_wconf 84' lang='lat' dir='ltr'>defensionem</span> <span class='ocrx_word' id='word_1_105' title='bbox 978 2331 1129 2398; x_wconf 85' lang='lat' dir='ltr'>Ecclesie</span> <span class='ocrx_word' id='word_1_106' title='bbox 1141 2337 1260 2398; x_wconf 65' lang='lat' dir='ltr'>‘contra</span> <span class='ocrx_word' id='word_1_107' title='bbox 1275 2327 1418 2396; x_wconf 77' lang='lat' dir='ltr'>Frideri-</span> 
     </span>
     <span class='ocr_line' id='line_1_14' title="bbox 287 2437 1417 2521; baseline 0.001 -18"><span class='ocrx_word' id='word_1_108' title='bbox 287 2453 360 2503; x_wconf 88' lang='lat' dir='ltr'>cum</span> <span class='ocrx_word' id='word_1_109' title='bbox 370 2437 517 2521; x_wconf 86' lang='lat' dir='ltr'>cundem,</span> <span class='ocrx_word' id='word_1_110' title='bbox 535 2438 565 2505; x_wconf 93' lang='lat' dir='ltr'>si</span> <span class='ocrx_word' id='word_1_111' title='bbox 579 2458 691 2506; x_wconf 89' lang='lat' dir='ltr'>corum</span> <span class='ocrx_word' id='word_1_112' title='bbox 708 2437 803 2505; x_wconf 81' lang='lat' dir='ltr'>adid</span> <span class='ocrx_word' id='word_1_113' title='bbox 819 2457 998 2506; x_wconf 84' lang='lat' dir='ltr'>consensus</span> <span class='ocrx_word' id='word_1_114' title='bbox 1014 2440 1203 2518; x_wconf 68' lang='lat' dir='ltr'>secesserit</span> <span class='ocrx_word' id='word_1_115' title='bbox 1216 2445 1417 2506; x_wconf 74' lang='lat' dir='ltr'>commutare</span> 
     </span>
     <span class='ocr_line' id='line_1_15' title="bbox 286 2539 1416 2633; baseline 0.002 -21"><span class='ocrx_word' id='word_1_116' title='bbox 286 2545 420 2630; x_wconf 82' lang='lat' dir='ltr'>voleus,</span> <span class='ocrx_word' id='word_1_117' title='bbox 437 2539 574 2633; x_wconf 79' lang='lat' dir='ltr'>seipsis</span> <span class='ocrx_word' id='word_1_118' title='bbox 590 2555 623 2614; x_wconf 90' lang='lat' dir='ltr'>et</span> <span class='ocrx_word' id='word_1_119' title='bbox 638 2548 773 2633; x_wconf 87' lang='lat' dir='ltr'>reliquis</span> <span class='ocrx_word' id='word_1_120' title='bbox 790 2547 1025 2616; x_wconf 85' lang='lat' dir='ltr'>redimentibus</span> <span class='ocrx_word' id='word_1_121' title='bbox 1042 2553 1119 2616; x_wconf 77' lang='lat' dir='ltr'>voto</span> <span class='ocrx_word' id='word_1_122' title='bbox 1134 2567 1195 2614; x_wconf 83' lang='lat' dir='ltr'>suu</span> <span class='ocrx_word' id='word_1_123' title='bbox 1204 2595 1214 2629; x_wconf 91' lang='lat'>,</span> <span class='ocrx_word' id='word_1_124' title='bbox 1238 2544 1416 2614; x_wconf 87' lang='lat' dir='ltr'>dummodo</span> 
     </span>
     <span class='ocr_line' id='line_1_16' title="bbox 287 2653 1416 2745; baseline 0 -25"><span class='ocrx_word' id='word_1_125' title='bbox 287 2672 463 2740; x_wconf 85' lang='lat' dir='ltr'>expensus,</span> <span class='ocrx_word' id='word_1_126' title='bbox 480 2675 563 2740; x_wconf 83' lang='lat' dir='ltr'>quos</span> <span class='ocrx_word' id='word_1_127' title='bbox 578 2655 697 2723; x_wconf 82' lang='lat' dir='ltr'>facturi</span> <span class='ocrx_word' id='word_1_128' title='bbox 714 2663 827 2724; x_wconf 87' lang='lat' dir='ltr'>essent</span> <span class='ocrx_word' id='word_1_129' title='bbox 842 2654 948 2723; x_wconf 88' lang='lat' dir='ltr'>eundo</span> <span class='ocrx_word' id='word_1_130' title='bbox 964 2658 996 2723; x_wconf 92' lang='lat' dir='ltr'>in</span> <span class='ocrx_word' id='word_1_131' title='bbox 1012 2663 1133 2723; x_wconf 82' lang='lat' dir='ltr'>terrum</span> <span class='ocrx_word' id='word_1_132' title='bbox 1143 2653 1416 2745; x_wconf 64' lang='lat' dir='ltr'>predictemmo·</span> 
     </span>
     <span class='ocr_line' id='line_1_17' title="bbox 286 2761 1417 2850; baseline 0.004 -24"><span class='ocrx_word' id='word_1_133' title='bbox 286 2761 391 2830; x_wconf 78' lang='lat' dir='ltr'>nendo</span> <span class='ocrx_word' id='word_1_134' title='bbox 415 2761 514 2850; x_wconf 85' lang='lat' dir='ltr'>inibi,</span> <span class='ocrx_word' id='word_1_135' title='bbox 542 2771 575 2846; x_wconf 83' lang='lat' dir='ltr'>et</span> <span class='ocrx_word' id='word_1_136' title='bbox 600 2765 719 2832; x_wconf 79' lang='lat' dir='ltr'>exinde</span> <span class='ocrx_word' id='word_1_137' title='bbox 744 2765 908 2832; x_wconf 89' lang='lat' dir='ltr'>redeundo</span> <span class='ocrx_word' id='word_1_138' title='bbox 917 2785 937 2846; x_wconf 83' lang='lat'>,·</span> <span class='ocrx_word' id='word_1_139' title='bbox 954 2767 986 2832; x_wconf 90' lang='lat' dir='ltr'>in</span> <span class='ocrx_word' id='word_1_140' title='bbox 1005 2764 1157 2834; x_wconf 80' lang='lat' dir='ltr'>menibus</span> <span class='ocrx_word' id='word_1_141' title='bbox 1173 2763 1239 2830; x_wconf 90' lang='lat' dir='ltr'>tuis</span> <span class='ocrx_word' id='word_1_142' title='bbox 1254 2770 1288 2830; x_wconf 89' lang='lat' dir='ltr'>et</span> <span class='ocrx_word' id='word_1_143' title='bbox 1302 2762 1417 2830; x_wconf 85' lang='lat' dir='ltr'>dilecti</span> 
     </span>
    </p>
   </div>
   <div class='ocr_carea' id='block_1_3' title="bbox 160 2863 1416 2962">
    <p class='ocr_par' dir='ltr' id='par_1_3' title="bbox 160 2863 1416 2962">
     <span class='ocr_line' id='line_1_18' title="bbox 160 2863 1416 2962; baseline 0.003 -28"><span class='ocrx_word' id='word_1_144' title='bbox 160 2863 163 2870; x_wconf 81' lang='grc'><strong>’</strong></span> <span class='ocrx_word' id='word_1_145' title='bbox 271 2867 348 2936; x_wconf 74' lang='lat' dir='ltr'>&#39;dlii</span> <span class='ocrx_word' id='word_1_146' title='bbox 364 2917 372 2935; x_wconf 90' lang='lat'>.</span> <span class='ocrx_word' id='word_1_147' title='bbox 389 2919 397 2935; x_wconf 92' lang='lat'>.</span> <span class='ocrx_word' id='word_1_148' title='bbox 415 2917 423 2934; x_wconf 92' lang='lat'>.</span> <span class='ocrx_word' id='word_1_149' title='bbox 440 2865 581 2950; x_wconf 79' lang='lat' dir='ltr'>Abbatis</span> <span class='ocrx_word' id='word_1_150' title='bbox 597 2872 639 2940; x_wconf 90' lang='lat' dir='ltr'>de</span> <span class='ocrx_word' id='word_1_151' title='bbox 655 2875 744 2942; x_wconf 83' lang='lat' dir='ltr'>Polis</span> <span class='ocrx_word' id='word_1_152' title='bbox 761 2873 991 2942; x_wconf 77' lang='lat' dir='ltr'>cisterciensis</span> <span class='ocrx_word' id='word_1_153' title='bbox 1008 2872 1160 2962; x_wconf 85' lang='lat' dir='ltr'>Ordinis,</span> <span class='ocrx_word' id='word_1_154' title='bbox 1185 2879 1219 2940; x_wconf 90' lang='lat' dir='ltr'>et</span> <span class='ocrx_word' id='word_1_155' title='bbox 1243 2871 1416 2944; x_wconf 75' lang='lat' dir='ltr'>Benedicti</span> 
     </span>
    </p>
   </div>
   <div class='ocr_carea' id='block_1_4' title="bbox 237 2969 1419 3404">
    <p class='ocr_par' dir='ltr' id='par_1_4' title="bbox 237 2969 1419 3404">
     <span class='ocr_line' id='line_1_19' title="bbox 288 2969 1418 3068; baseline 0.001 -25"><span class='ocrx_word' id='word_1_156' title='bbox 288 2975 446 3044; x_wconf 73' lang='lat' dir='ltr'>cononici</span> <span class='ocrx_word' id='word_1_157' title='bbox 471 2969 705 3066; x_wconf 75' lang='lat' dir='ltr'>strigoniensis</span> <span class='ocrx_word' id='word_1_158' title='bbox 731 2982 913 3068; x_wconf 48' lang='lat' dir='ltr'>assureni.</span> <span class='ocrx_word' id='word_1_159' title='bbox 926 2983 959 3050; x_wconf 92' lang='lat' dir='ltr'>iu</span> <span class='ocrx_word' id='word_1_160' title='bbox 985 2980 1213 3050; x_wconf 82' lang='lat' dir='ltr'>defensionem</span> <span class='ocrx_word' id='word_1_161' title='bbox 1229 2979 1418 3047; x_wconf 88' lang='lat' dir='ltr'>huiusmodi</span> 
     </span>
     <span class='ocr_line' id='line_1_20' title="bbox 288 3086 1417 3178; baseline 0.002 -26"><span class='ocrx_word' id='word_1_162' title='bbox 288 3086 578 3173; x_wconf 78' lang='lat' dir='ltr'>transmittendos,</span> <span class='ocrx_word' id='word_1_163' title='bbox 603 3091 694 3158; x_wconf 83' lang='lat' dir='ltr'>illurn</span> <span class='ocrx_word' id='word_1_164' title='bbox 718 3092 827 3178; x_wconf 87' lang='lat' dir='ltr'>possis</span> <span class='ocrx_word' id='word_1_165' title='bbox 851 3089 1021 3174; x_wconf 81' lang='lat' dir='ltr'>indulgere</span> <span class='ocrx_word' id='word_1_166' title='bbox 1037 3091 1166 3158; x_wconf 79' lang='lat' dir='ltr'>venian</span> <span class='ocrx_word' id='word_1_167' title='bbox 1192 3095 1417 3175; x_wconf 79' lang='lat' dir='ltr'>pcccatorum,</span> 
     </span>
     <span class='ocr_line' id='line_1_21' title="bbox 288 3189 1419 3284; baseline 0.003 -24"><span class='ocrx_word' id='word_1_168' title='bbox 288 3211 353 3278; x_wconf 88' lang='lat' dir='ltr'>que</span> <span class='ocrx_word' id='word_1_169' title='bbox 369 3195 517 3282; x_wconf 88' lang='lat' dir='ltr'>predicte</span> <span class='ocrx_word' id='word_1_170' title='bbox 532 3189 618 3265; x_wconf 85' lang='lat' dir='ltr'>terre</span> <span class='ocrx_word' id='word_1_171' title='bbox 635 3199 899 3267; x_wconf 88' lang='lat' dir='ltr'>succurrentibus</span> <span class='ocrx_word' id='word_1_172' title='bbox 916 3199 950 3266; x_wconf 93' lang='lat' dir='ltr'>in</span> <span class='ocrx_word' id='word_1_173' title='bbox 966 3200 1113 3284; x_wconf 78' lang='lat' dir='ltr'>generali</span> <span class='ocrx_word' id='word_1_174' title='bbox 1131 3197 1271 3266; x_wconf 90' lang='lat' dir='ltr'>concilio</span> <span class='ocrx_word' id='word_1_175' title='bbox 1281 3201 1419 3264; x_wconf 79' lang='lat' dir='ltr'>esicon-</span> 
     </span>
     <span class='ocr_line' id='line_1_22' title="bbox 237 3291 1417 3404; baseline 0 -32"><span class='ocrx_word' id='word_1_176' title='bbox 237 3327 239 3332; x_wconf 93' lang='lat'>·</span> <span class='ocrx_word' id='word_1_177' title='bbox 286 3322 393 3392; x_wconf 85' lang='lat' dir='ltr'>cesso,</span> <span class='ocrx_word' id='word_1_178' title='bbox 410 3305 548 3374; x_wconf 80' lang='lat' dir='ltr'>liberum</span> <span class='ocrx_word' id='word_1_179' title='bbox 564 3291 760 3378; x_wconf 78' lang='lat' dir='ltr'>auctoritate</span> <span class='ocrx_word' id='word_1_180' title='bbox 770 3307 1201 3404; x_wconf 86' lang='lat' dir='ltr'>presentiumcoucedemus</span> <span class='ocrx_word' id='word_1_181' title='bbox 1212 3307 1417 3375; x_wconf 70' lang='lat' dir='ltr'>deuncem.</span> 
     </span>
    </p>
   </div>
   <div class='ocr_carea' id='block_1_5' title="bbox 286 3410 1415 3588">
    <p class='ocr_par' dir='ltr' id='par_1_5' title="bbox 286 3410 1415 3588">
     <span class='ocr_line' id='line_1_23' title="bbox 286 3410 1415 3588; baseline 0 -105"><span class='ocrx_word' id='word_1_182' title='bbox 286 3410 410 3588; x_wconf 56' lang='lat' dir='ltr'>{ffirlm</span> <span class='ocrx_word' id='word_1_183' title='bbox 424 3415 580 3485; x_wconf 72' lang='lat' dir='ltr'>Laterani</span> <span class='ocrx_word' id='word_1_184' title='bbox 595 3419 637 3485; x_wconf 89' lang='grc' dir='ltr'>Π.</span> <span class='ocrx_word' id='word_1_185' title='bbox 652 3417 732 3487; x_wconf 90' lang='lat' dir='ltr'>Idus</span> <span class='ocrx_word' id='word_1_186' title='bbox 749 3418 930 3514; x_wconf 75' lang='lat' dir='ltr'>Februarii,</span> <span class='ocrx_word' id='word_1_187' title='bbox 948 3413 1174 3504; x_wconf 77' lang='lat' dir='ltr'>(Pontiucatus</span> <span class='ocrx_word' id='word_1_188' title='bbox 1190 3415 1308 3502; x_wconf 87' lang='lat' dir='ltr'>nostri)</span> <span class='ocrx_word' id='word_1_189' title='bbox 1323 3436 1415 3484; x_wconf 82' lang='lat' dir='ltr'>cuno</span> 
     </span>
    </p>
   </div>
   <div class='ocr_carea' id='block_1_6' title="bbox 388 3665 1314 3776">
    <p class='ocr_par' dir='ltr' id='par_1_6' title="bbox 388 3665 1314 3776">
     <span class='ocr_line' id='line_1_24' title="bbox 388 3665 1314 3776; baseline 0.002 -21"><span class='ocrx_word' id='word_1_190' title='bbox 388 3695 451 3767; x_wconf 75' lang='lat' dir='ltr'>(us</span> <span class='ocrx_word' id='word_1_191' title='bbox 464 3665 680 3776; x_wconf 68' lang='lat' dir='ltr'>oergcry&#39;pupo</span> <span class='ocrx_word' id='word_1_192' title='bbox 691 3701 878 3776; x_wconf 66' lang='lat' dir='ltr'>segeneo</span> <span class='ocrx_word' id='word_1_193' title='bbox 889 3701 1014 3760; x_wconf 60' lang='lat' dir='ltr'>ussus</span> <span class='ocrx_word' id='word_1_194' title='bbox 1024 3701 1065 3762; x_wconf 74' lang='lat' dir='ltr'>su.</span> <span class='ocrx_word' id='word_1_195' title='bbox 1078 3717 1114 3758; x_wconf 74' lang='lat' dir='ltr'>u.</span> <span class='ocrx_word' id='word_1_196' title='bbox 1130 3703 1153 3758; x_wconf 91' lang='lat' dir='ltr'>r.</span> <span class='ocrx_word' id='word_1_197' title='bbox 1166 3701 1194 3758; x_wconf 78' lang='grc' dir='ltr'>ι.</span> <span class='ocrx_word' id='word_1_198' title='bbox 1209 3701 1269 3758; x_wconf 80' lang='lat' dir='ltr'>rue.</span> <span class='ocrx_word' id='word_1_199' title='bbox 1281 3699 1314 3770; x_wconf 85' lang='grc' dir='ltr'>ι.)</span> 
     </span>
    </p>
   </div>
   <div class='ocr_carea' id='block_1_7' title="bbox 721 3927 966 3939">
    <p class='ocr_par' dir='ltr' id='par_1_7' title="bbox 721 3927 966 3939">
     <span class='ocr_line' id='line_1_25' title="bbox 721 3927 966 3939; baseline 0.012 -3"><span class='ocrx_word' id='word_1_200' title='bbox 721 3927 966 3939; x_wconf 75' lang='grc'>----.</span> 
     </span>
    </p>
   </div>
   <div class='ocr_carea' id='block_1_8' title="bbox 0 0 1586 5030">
    <p class='ocr_par' dir='ltr' id='par_1_8' title="bbox 0 0 1586 5030">
     <span class='ocr_line' id='line_1_26' title="bbox 0 0 1586 5030; baseline 0 0"><span class='ocrx_word' id='word_1_201' title='bbox 0 0 1586 5030; x_wconf 95' lang='lat' dir='ltr'> </span> 
     </span>
    </p>
   </div>
  </div>
 </body>
</html>
