3220 5058
736 287 893 388 ..²:⁹3...

251 491 318 570 tey.
350 485 391 550 Et
416 482 537 550 ibidem
553 482 705 552 Eeoieeia
720 481 821 548 habet
835 501 932 550 unum
947 489 1091 552 aratrum
1108 485 1152 548 ad
1168 483 1234 550 1111
1251 489 1372 572 aratra,

248 592 367 660 siluam
386 612 466 660 uero
483 599 516 659 et
531 597 630 680 prata
645 599 679 659 et
694 609 819 679 pasena
836 592 1048 659 communiter
1062 608 1133 656 uum
1150 591 1240 658 villa.

356 700 395 767 In
410 699 489 766 villa
506 698 568 766 Ga
578 720 608 766 m
620 720 667 768 as
684 699 837 766 Eoeieeia
852 697 953 766 habet
967 718 1064 765 unum
1084 698 1282 782 mancipium
1298 717 1370 766 enm

249 803 371 874 duobus
388 806 463 874 filiis
479 812 512 873 et
528 828 592 876 uno
610 807 732 890 fratre,
748 827 881 891 qnorum
899 806 1032 872 nomina
1049 806 1108 874 hee
1124 814 1217 873 eunt:
1238 807 1369 890 (theme,

247 909 355 999 Aput,
370 915 520 982 Mortem.
546 915 724 985 nereidem
739 915 840 982 habet
854 914 936 982 duos
952 913 1118 998 homines,
1135 933 1216 1000 quoe
1231 914 1370 982 redemit

248 1017 289 1086 de
303 1020 370 1088 filio
381 1021 508 1091 Eudae:
527 1022 708 1111 Oinampam
724 1030 758 1090 et
772 1022 906 1091 fratrem
923 1023 1005 1089 eine.
1021 1019 1155 1088 Terram
1174 1041 1253 1089 uero
1267 1021 1369 1088 habet

244 1126 287 1192 ad
303 1129 368 1196 duo
384 1137 495 1198 aratra
511 1137 544 1198 et
559 1133 623 1198 IIII
639 1132 766 1214 vineae,
783 1131 900 1200 eiluam
916 1137 950 1198 et
962 1149 1088 1216 paeone
1098 1149 1271 1217 peoeorum
1282 1149 1366 1197 eom-

243 1237 382 1304 munitet
398 1257 469 1304 oum
485 1237 576 1305 villa.

350 1344 388 1411 In
403 1345 484 1413 villa
500 1345 593 1412 Wlu
604 1365 649 1412 es
671 1353 747 1412 eunt
763 1347 791 1412 V
806 1346 994 1414 mansiones
1010 1343 1201 1428 vinitorum,
1227 1363 1364 1428 quorum

242 1447 673 1538 nomiuaeuntheezMogl,
690 1455 814 1540 Elyam
846 1503 854 1520 .
887 1503 894 1519 .
926 1501 935 1519 .
967 1503 975 1520 .
1005 1447 1015 1518 ’.
1050 1502 1057 1518 .
1107 1452 1363 1518 Ethabentter-

241 1574 311 1622 ram
326 1555 370 1621 ad
385 1576 483 1624 unum
499 1567 656 1645 aratrum,
676 1560 794 1626 siluam
810 1567 843 1626 et
858 1578 982 1644 paeone
997 1577 1170 1644 peooorum
1186 1561 1360 1626 eommuni-

241 1667 379 1730 teroem
397 1667 485 1732 vilia.

346 1773 384 1837 In
394 1771 450 1839 To
460 1771 508 1838 rd
524 1773 665 1842 eooieeia
680 1774 745 1840 eit-a
761 1778 813 1840 est
827 1773 859 1838 in
876 1780 963 1840 terra
973 1775 1086 1842 Sancti
1096 1773 1237 1857 Martini,
1255 1781 1287 1839 et
1301 1773 1360 1842 ibi·

237 1878 387 1946 demheo
403 1887 479 1962 eunt
494 1883 627 1947 nomina
643 1879 874 1965 jobagionum:
902 1879 1067 1964 Thomas,
1085 1879 1206 1967 Ipoeh,
1222 1883 1308 1947 Ister
1325 1888 1358 1948 et

236 1985 338 2053 irater
353 1987 431 2073 eins,
448 1989 578 2075 Septue.
598 1988 733 2056 Terram
752 2009 830 2056 uero
846 1987 971 2056 hahent
986 1989 1030 2056 ad
1045 1989 1109 2054 tria
1124 1995 1246 2071 aratra,
1264 1989 1357 2054 fene-

235 2100 302 2158 tum
318 2095 351 2160 in
368 2095 494 2162 duobus
514 2095 613 2181 loeis,
639 2097 743 2164 siluae
760 2103 794 2163 et
809 2115 935 2182 paeone
949 2115 1125 2183 peooorum
1142 2087 1355 2162 communiter

234 2219 306 2268 eum
322 2203 412 2270 vilia.
430 2205 596 2272 Tenentur
612 2205 735 2272 seruire
752 2205 835 2271 eiout
846 2205 1045 2289 jobagionee
1061 2202 1102 2270 de
1117 2201 1242 2289 Tepey.
1331 2196 1335 2212 '

338 2313 376 2376 In
401 2311 481 2376 villa
506 2311 659 2398 Gopoe
683 2319 759 2378 eunt
777 2312 836 2378 filii
854 2311 984 2396 nepotis
1000 2311 1147 2393 Nieolai,
1175 2309 1231 2394 qui
1255 2309 1353 2377 datus

231 2414 293 2481 init
309 2415 343 2480 in
361 2415 543 2504 deeimam;
569 2421 624 2502 qui
647 2419 747 2486 habet
770 2427 889 2484 terram
916 2435 1117 2484 communem
1134 2437 1207 2484 eum
1222 2419 1303 2483 villa
1319 2424 1352 2484 et

230 2540 327 2588 unum
342 2525 550 2610 mancipium,
565 2534 597 2592 et
614 2523 736 2593 habent
751 2533 871 2592 terram
887 2525 932 2590 ad
947 2543 1065 2591 nouem
1081 2530 1193 2590 aratra
1207 2543 1281 2590 oum
1296 2525 1352 2592 eil-

229 2628 280 2696 uis
297 2635 331 2695 et
346 2630 467 2698 fenetio
492 2640 524 2700 et
549 2652 620 2698 oum
636 2653 701 2698 una
716 2634 813 2716 valle,
831 2651 892 2716 que
909 2634 996 2708 iaoet
1010 2632 1044 2698 in
1060 2631 1169 2698 media
1185 2639 1269 2699 torre
1284 2652 1349 2698 me-

228 2741 296 2802 tete
312 2757 383 2804 eum
399 2739 503 2823 villis,
520 2759 654 2824 quarum
670 2742 802 2806 nomina
819 2749 894 2806 eunt
909 2739 988 2808 heo:
1006 2737 1144 2824 Wieha,
1160 2741 1253 2807 Kana
1262 2791 1271 2825 ,
1287 2738 1348 2804 Te·

226 2863 302 2928 pey,
320 2845 452 2932 Gyrohi,
469 2847 558 2934 Taya
575 2848 661 2913 iufra
676 2848 781 2914 diotae
797 2849 903 2915 villae.

333 2954 370 3018 In
386 2954 467 3020 vilia
482 2955 688 3041 Feyregh
698 2977 748 3021 an
772 2953 1006 3022 monasterium
1021 2955 1122 3022 habet
1137 2974 1232 3020 unum
1249 2955 1345 3022 liber·

227 3065 294 3125 tum
310 3061 440 3127 nomine
451 3062 550 3146 Booh,
570 3069 603 3128 et
619 3064 720 3130 alium
735 3081 863 3130 seruum
879 3065 1008 3131 nomine
1018 3063 1206 3148 Johannee·;
1224 3071 1345 3132 terram

225 3185 301 3234 nero
318 3171 361 3236 ad
377 3171 441 3236 tria
457 3177 577 3256 aratra,
594 3176 627 3238 et
643 3171 745 3238 siluae
770 3170 812 3238 ad
837 3177 965 3239 eentum
987 3173 1108 3257 jugera
1117 3220 1126 3255 ,
1142 3171 1284 3236 fenetnm
1301 3170 1345 3236 ad

224 3271 269 3338 v1
287 3275 412 3361 iugera.
831 3331 834 3340 .

328 3384 367 3448 In
382 3384 528 3450 viiiaFa
536 3405 587 3470 yn
603 3392 678 3451 sunt
694 3387 756 3452 due
772 3385 960 3451 mansionen
972 3384 1187 3468 jobagionum
1198 3384 1342 3451 German

223 3492 256 3551 ot
271 3488 395 3576 Bolya;
422 3497 455 3558 et
471 3499 600 3558 estune
616 3495 742 3558 mansio
758 3491 927 3557 vduornioi
943 3491 1072 3557 nomine
1087 3493 1203 3576 Peter,
1228 3492 1283 3574 qui
1307 3492 1340 3558 in

222 3594 358 3672 eeruioio
375 3603 427 3662 eet
435 3645 444 3679 ,
468 3599 551 3664 eiout
565 3599 623 3664 alii
640 3597 810 3664 uduorniei
825 3596 867 3662 de
882 3600 1005 3685 Tepey.
1036 3598 1172 3665 Terram
1189 3617 1266 3665 uero
1282 3600 1339 3666 ha-

222 3698 276 3764 bet
292 3698 335 3765 ad
351 3700 414 3767 duo
429 3710 551 3784 aratra,
571 3713 605 3770 et
622 3724 746 3791 paeeua
760 3725 932 3791 peeoorum
949 3715 982 3774 et
997 3708 1099 3774 siluas
1115 3707 1238 3775 habent
1254 3727 1338 3776 oom-

219 3807 358 3874 muniter
372 3827 444 3876 eum
460 3811 548 3878 villa.

324 3914 362 3981 In
377 3915 488 4001 predio
503 3919 653 4008 Tepey
677 3920 738 3990 hee
762 3931 837 3991 eunt
860 3926 992 3993 nomina
1013 3926 1248 4011 jobagiomrm:
1265 3925 1332 3994 Mu·

165 4023 167 4026 ’
215 4043 285 4104 eun,
304 4023 402 4108 Bene,
416 4025 570 4112 Stephan,
581 4027 756 4116 Golondue,
773 4033 828 4114 qui
844 4051 915 4100 eum
932 4053 994 4100 eua
1009 4037 1209 4122 cognacione
1225 4039 1334 4122 preter
1368 4035 1375 4052 “

214 4131 369 4214 paruulos
385 4138 419 4198 et
434 4135 568 4202 iuuenes
593 4145 669 4204 sunt
687 4139 924 4225 quinquaginta
940 4151 972 4210 et
988 4163 1046 4210 eex
1062 4144 1259 4210 mansiones.
1291 4143 1334 4208 nt

214 4237 272 4304 inti
286 4245 438 4306 tenentur
453 4243 576 4308 seruire
592 4245 676 4312 siout
700 4295 996 4316 .......
1026 4299 1031 4306 .
1035 4299 1331 4320 .......

212 4347 251 4414 In
275 4349 391 4415 eodem
414 4348 528 4432 predio
552 4349 614 4416 heo
637 4360 712 4418 eunt
735 4357 867 4423 nomina
891 4358 1160 4426 uduornicorum:
1193 4357 1332 4444 Soemdi,

211 4453 333 4538 Adam,
350 4454 479 4539 Rudre,
496 4455 566 4522 Bed
575 4507 584 4542 ,
600 4459 655 4543 qui
670 4480 743 4528 oum
759 4481 819 4530 uua
834 4465 1036 4550 ooguaeione
1051 4471 1161 4552 preter
1174 4467 1331 4552 paruulos

211 4569 244 4636 et
259 4563 392 4634 iuuenes
408 4571 483 4638 eunt
499 4585 614 4640 nouem
632 4569 834 4664 reensionem
861 4581 894 4642 et
919 4573 970 4645 ieti
994 4581 1142 4642 tenentur
1159 4573 1326 4647 adomnia
