3140 5044
283 1035 299 1095 t
307 1029 342 1095 V.
360 1034 449 1097 lacte
460 1037 551 1120 popo
563 1033 684 1097 Ber-wit
700 1034 832 1120 adpolye'
845 1035 994 1120 poepoleut
1011 1037 1042 1098 es
1056 1035 1195 1118 apostoli
1208 1035 1325 1098 hdoetet
1337 1035 1408 1098 Ho-

435 1145 627 1228 pyoromdq
648 1141 872 1228 fdpnpjas'aulc
898 1142 1154 1228 ojdnlju.1254.

386 1319 600 1386 Innocentius
619 1319 802 1406 Episcopus
818 1327 881 1388 eto.
907 1327 967 1386 ete.
988 1321 1233 1388 venerabilibus
1249 1319 1403 1388 nauibus

281 1423 556 1512 Archiepiscopis,
574 1433 607 1492 et
632 1425 807 1512 Episcopis
825 1447 865 1494 ac
875 1427 1003 1494 dilectis
1016 1425 1093 1494 tiliis
1103 1427 1298 1510 Abbatibns,
1317 1427 1404 1494 Prie

281 1533 385 1616 ribus,
410 1531 679 1614 Archidiaconis,
705 1533 852 1602 Decanis
869 1541 903 1599 et
920 1533 995 1600 aliis
1011 1533 1167 1616 Prelstis,
1194 1534 1355 1619 Capitulis
1369 1543 1402 1600 et

280 1641 503 1710 Consentibns
519 1641 753 1724 llcclesiarnm,
770 1641 814 1707 ad
830 1659 911 1725 quos
922 1643 1029 1708 littere
1040 1641 1103 1708 iste
1119 1641 1337 1726 pervenerint,
1353 1659 1403 1708 se-

280 1747 379 1817 lntem
397 1755 458 1817 etc.
486 1747 568 1818 tum
599 1749 752 1816 dilectum
783 1749 884 1816 lilium
900 1749 938 1814 B.
957 1749 1104 1816 Electum
1130 1748 1402 1836 Neapolitanum,

280 1855 498 1943 Capelianum
529 1865 692 1942 nostrum,
710 1875 807 1940 quem
840 1875 899 1923 nos
923 1863 957 1922 et
982 1856 1101 1925 iratres
1132 1859 1236 1923 nostri
1272 1865 1403 1944 propter

280 1981 340 2030 sne
356 1964 474 2031 merito
504 1963 682 2052 probitatis
714 1981 825 2032 earnm
855 1963 1013 2032 habemns
1043 1963 1219 2050 plurimum
1234 1971 1267 2030 et
1287 1985 1399 2050 accep

278 2075 365 2154 tuns,
390 2091 450 2156 pro
465 2071 614 2140 sedanda
630 2069 814 2154 discordia,
841 2090 904 2157 que
920 2071 1004 2138 inter
1020 2071 1211 2140 carissimos
1235 2119 1244 2137 .
1268 2122 1277 2138 .
1301 2121 1309 2136 .
1335 2070 1398 2140 Un-

279 2181 372 2264 garie
387 2185 421 2246 et
444 2227 452 2246 .
477 2227 485 2244 .
511 2225 519 2243 .
542 2179 676 2246 Boemie
693 2180 799 2264 Reges
815 2179 965 2247 illustres
981 2179 1118 2245 suborta
1134 2177 1333 2263 dinoscitur,
1359 2178 1401 2245 sd

280 2293 393 2374 partes
418 2285 516 2368 illus,
549 2287 723 2354 commisso
747 2286 810 2354 sibi
840 2287 1015 2372 legationis
1036 2285 1164 2370 officio,
1190 2284 1400 2368 destinemus,

280 2389 537 2462 Universitntem
562 2399 704 2462 vestram
729 2413 901 2480 rogamus,
933 2413 1101 2461 monemus
1125 2399 1158 2458 et
1174 2392 1341 2459 hortemur
1354 2401 1400 2460 at-

279 2507 369 2568 tente
379 2549 388 2584 ,
413 2499 623 2584 mandantes,
648 2509 809 2586 quatenns
826 2505 964 2570 eundem
975 2503 1122 2580 electum,
1139 2520 1209 2567 enm
1221 2500 1334 2568 advos
1350 2519 1401 2566 ae

281 2609 439 2694 cesserit,
462 2607 654 2695 Apostolice
679 2609 776 2677 Sedis
803 2617 837 2677 et
857 2619 971 2678 nostra
994 2610 1181 2678 reverentia
1207 2609 1401 2696 recipientes

280 2735 320 2782 ec
337 2713 515 2784 honorifice
546 2723 807 2804 pertractantes,
833 2719 863 2786 ei
879 2738 920 2785 se
936 2717 1061 2786 familie
1076 2737 1136 2784 sne
1151 2715 1191 2784 de
1207 2715 1401 2785 necessariis

279 2827 311 2890 et
340 2841 454 2892 securo
479 2823 637 2894 conducto
661 2825 844 2895 liberaliter
867 2827 1039 2913 providere
1067 2825 1208 2909 curetis,
1243 2823 1292 2891 ite
1316 2823 1401 2908 qnod

277 2921 352 3018 ipse
369 2949 439 3000 oum
456 2931 499 3000 sd
515 2952 576 3002 nos
594 2935 748 3018 redierit,
771 2934 926 3020 gustede
944 2934 1037 3002 robis
1054 2933 1178 3001 reterre
1191 2933 1312 3016 velent,
1329 2951 1400 2998 nos-

280 3057 344 3124 que
360 3039 565 3108 devotiouem
603 3047 743 3108 uestram
766 3040 904 3128 proinde
921 3042 1028 3126 dignis
1044 3043 1076 3109 in
1093 3041 1234 3108 Domino
1249 3037 1400 3106 lendibus

282 3146 566 3216 commendemus:
599 3147 746 3232 alioquin
774 3153 970 3218 sententiam
997 3157 1058 3215 eto.
1086 3168 1190 3232 usqne
1223 3147 1400 3214 observari.

278 3255 398 3323 Datum
415 3255 571 3324 Laterani
587 3257 674 3324 vill.
692 3255 769 3325 Idus
786 3258 918 3344 Aprilis,
940 3254 1166 3344 (Pontificatus
1182 3251 1300 3341 nostri)
1317 3273 1402 3321 anno

276 3365 458 3434 andecimo.

412 3555 475 3626 (IV.
488 3557 574 3616 Inous
586 3556 663 3632 pdps
675 3557 861 3632 Regcsttibdl
875 3557 1003 3615 Theiner
1015 3558 1052 3614 id.
1066 3575 1104 3615 m.
1116 3557 1138 3612 1.
1151 3557 1180 3614 l.
1193 3557 1255 3614 tlt.
1269 3555 1303 3628 l.)

712 3849 967 3861 ι--ι-ι--ᾑ-
