3154 5038
254 917 314 982 rr.
331 917 412 984 acra
428 918 536 1005 carta
553 869 661 984 naria
685 921 781 1010 apra
805 921 990 985 amnena
1006 919 1177 1003 marma,
1207 923 1331 1014 rante
1344 927 1375 989 n

257 1025 346 1112 Tylen
355 1025 462 1110 jeddel
478 1031 508 1092 e'a
524 1051 557 1092 ez
572 1027 677 1092 ntdddi
700 1029 847 1093 terttictdn
874 1029 1067 1114 ndrepitdsre
1098 1029 1256 1096 aldelmus
1270 1031 1375 1117 tappet

252 1133 517 1221 admndnyozvdn,
534 1159 575 1200 ns
591 1137 682 1200 iernen
701 1136 814 1201 eradctt
840 1135 1069 1224 mliooqdaoknt
1086 1137 1227 1226 allotted,
1252 1137 1374 1202 ceobba

251 1241 385 1307 birtolcot
401 1244 549 1329 nnapcilroz
563 1245 691 1329 vditjas
705 1255 757 1307 oet
773 1245 866 1311 Miluo
873 1245 1033 1330 inpetranda
1044 1244 1139 1310 Datre
1147 1243 1265 1329 flerat
1280 1249 1370 1332 ajdu-

576 1333 720 1417 cidlcozen.
738 1353 837 1420 1247.
853 1351 989 1418 novemb.
1006 1353 1061 1416 26.

359 1530 443 1596 Bela
458 1531 520 1597 Dei
536 1531 651 1615 grume
666 1527 847 1615 Hungarie,
874 1531 1059 1617 Dalmacie,
1074 1531 1232 1614 Croacie,
1258 1529 1370 1616 Reme,

250 1635 371 1714 Sernie,
384 1637 751 1725 Gallicie,'Lodomcrie,
764 1636 987 1724 (inmaniaque
997 1641 1069 1706 Rex
1079 1640 1240 1708 uniuersis
1251 1638 1371 1707 Christi

151 1727 155 1742 ⁴
251 1743 401 1810 fidelibus
417 1763 554 1829 presens
564 1747 721 1832 scriptum
732 1745 925 1830 inspecturis
936 1749 1077 1814 salntem
1093 1748 1126 1814 in
1136 1747 1214 1815 nero
1225 1747 1371 1815 salutari.

252 1850 305 1920 Ad
320 1853 544 1921 uniuersorum
568 1863 635 1922 tam
661 1841 867 1941 presencium
883 1875 981 1940 qnam
998 1863 1200 1942 posterorum
1216 1855 1371 1922 noticiam

251 1963 421 2046 peruenire
438 1965 586 2032 uolumus
602 1965 804 2048 presencium
821 1983 880 2050 per
895 1971 1053 2050 tenorem,
1070 1965 1156 2048 qnod
1173 1983 1247 2030 cum
1264 1961 1371 2030 fidelis

223 2077 232 2100 '
251 2079 363 2136 noster
378 2072 486 2156 Baths
510 2072 627 2139 Comes
644 2092 753 2139 coram
780 2061 889 2138 nostre
905 2073 1089 2140 Maiestatis
1105 2069 1207 2140 oculis
1222 2068 1372 2138 insudas-

249 2185 300 2244 set
331 2179 493 2245 continuis
508 2181 677 2265 obsequijs
689 2179 866 2247 studiosius
879 2183 1082 2267 conplacerc,
1099 2189 1132 2248 et
1145 2179 1278 2246 tandem
1295 2183 1372 2244 ante

250 2287 521 2355 conscensionem
546 2289 742 2372 premiorum
759 2290 869 2356 camis
894 2284 1027 2357 soluens
1044 2289 1187 2357 debitum
1213 2285 1370 2354 heredum

195 2457 199 2467 ,
252 2393 370 2460 luisset
387 2395 511 2464 solacio
528 2395 711 2481 destitutus,
729 2397 784 2480 qui
800 2397 841 2463 ob
853 2405 992 2482 paterna
1006 2396 1123 2463 merita
1138 2395 1284 2480 gratuita
1299 2391 1370 2480 p'er·

252 2503 419 2588 cepissent
434 2503 601 2586 donatiuo,
620 2513 653 2568 et
669 2523 728 2570 nos
739 2505 772 2569 in
782 2507 972 2573 memoriam
988 2525 1028 2586 ac
1038 2502 1371 2594 reconpensaeionem

208 2657 211 2664 -
252 2617 344 2675 tante
375 2609 543 2678 fidelitatis
574 2613 669 2678 Mnrlr
693 2611 787 2678 tratri
803 2631 874 2693 suo,
890 2610 1291 2697 quieciamnobisingiter
1306 2627 1372 2676 scr·

250 2717 331 2783 uiuit
341 2725 373 2786 et
385 2719 601 2796 deuote,duns
612 2727 728 2804 terras,
738 2719 868 2786 Tenens
880 2720 1034 2799 uidelicet
1045 2729 1077 2790 et
1086 2719 1194 2806 Tyka,
1206 2717 1248 2784 de
1257 2722 1371 2784 nemra

251 2830 364 2912 gracia
395 2829 645 2896 contulissemus
670 2849 744 2896 cum
769 2835 877 2895 monte
893 2809 1224 2912 qnodcm'smunioionl
1241 2832 1319 2910 apto
1336 2825 1372 2891 iu

246 2941 337 3001 terra
346 2933 444 3018 Tyka
460 2936 635 3020 existente3
653 2942 686 3001 ct
696 2936 829 3002 tandem
839 2937 925 3003 inter
939 2937 1040 3022 Mogd
1056 2943 1090 3002 et
1105 2935 1299 3016 Sudnrman,
1310 2951 1373 2998 nec

250 3063 314 3108 nou
332 3051 365 3108 et
383 3049 539 3127 cognatos
565 3043 709 3128 ipsorum
734 3043 871 3128 populos
897 3043 998 3110 castri
1023 3041 1195 3120 Bulnn‘dnc
1221 3059 1262 3106 cx
1277 3045 1372 3125 parte

233 3169 327 3235 unna,
354 3157 387 3217 et
403 3149 507 3235 ipsum
524 3151 618 3217 Marlr
637 3171 678 3216 ex
695 3151 801 3218 altera
810 3150 945 3218 suborta
955 3148 1072 3216 suisset
1080 3147 1219 3218 materia
1235 3144 1373 3232 questio-

249 3245 406 3342 nisjquia
420 3323 421 3326 ,
437 3257 532 3325 nobis
558 3257 681 3343 liquido
706 3264 858 3343 patuerat
888 3265 1086 3326 memoratos
1117 3255 1218 3324 castri
1234 3255 1371 3341 populos

249 3385 435 3449 essequam
452 3367 570 3451 plures,
587 3387 628 3431 ne
646 3363 747 3450 ijd'em
764 3365 866 3432 ueluti
883 3365 961 3449 uagi
977 3371 1011 3432 et
1026 3363 1157 3450 profugi
1173 3362 1371 3430 exheredem-

150 3523 152 3530 .
248 3477 299 3538 tur
315 3473 445 3539 omnino
470 3481 502 3537 et
518 3473 768 3559 dispergantur,
791 3473 940 3540 volentes
955 3473 1105 3558 partibus
1120 3471 1313 3558 prouidere,
1336 3475 1372 3535 nt

248 3579 402 3647 uidelicet
435 3581 656 3648 castrensibus
682 3601 741 3668 per
765 3587 909 3649 nostram
937 3579 1150 3649 donacionem
1175 3581 1224 3646 illi
1249 3579 1372 3646 factam

248 3685 374 3770 grande
389 3707 455 3754 non
477 3671 645 3772 infligatur
660 3687 888 3774 dispendium,
916 3689 1035 3776 etipse
1050 3687 1156 3771 Maris,
1176 3693 1290 3754 nostra
1305 3703 1370 3750 mu·

248 3794 420 3862 nificencia
435 3797 564 3882 penitus
580 3818 645 3880 non
663 3779 854 3881 fraudetur,
870 3797 982 3864 taliter
997 3799 1212 3877 decreuimus,
1228 3803 1265 3862 ut
1280 3813 1370 3862 mon·

248 3911 314 3970 tem
338 3893 430 3970 illum
455 3905 659 3990 integraliter
686 3925 757 3971 cum
782 3911 871 3972 terra
885 3921 946 3972 sex
963 3913 1145 3974 aratrorum
1171 3905 1245 3972 usui
1259 3904 1370 3972 subis·

248 4019 352 4097 cente,
369 4013 422 4078 uel
447 4033 561 4099 parum
586 4015 660 4100 plus
677 4015 730 4082 uel
746 4013 862 4100 minus,
879 4021 1012 4102 propter
1028 4013 1314 4084 conseruationem
1329 4029 1370 4077 ac

247 4118 447 4210 commodum
472 4119 575 4207 ipsius
602 4121 701 4188 castri
726 4119 914 4208 sepedictus
941 4121 1036 4188 llarlr
1063 4122 1184 4190 debeat
1198 4117 1398 4206 possidere¹

134 4307 136 4312 Ι
247 4227 385 4313 pacifice
405 4235 438 4294 et
454 4229 572 4314 quiete,
597 4229 733 4314 reliquis
759 4229 908 4313 partibus
929 4229 963 4295 in
978 4249 1072 4296 usum
1088 4233 1122 4296 et
1136 4229 1370 4316 proprietatem

248 4335 488 4420 pertinentibus
505 4335 719 4406 castreusium
736 4336 964 4422 predictorum.
985 4335 1090 4416 Quem
1105 4339 1211 4406 eciam
1226 4341 1371 4404 montem

246 4463 319 4510 cnm
329 4453 416 4510 terra
426 4442 486 4538 'alex
495 4453 675 4512 aratrorum
686 4443 743 4528 sic,
761 4451 812 4512 est
822 4441 909 4532 (tgy)
919 4443 1122 4531 permissum,
1134 4442 1264 4531 pretato
1273 4441 1370 4510 illaria

245 4571 305 4636 per
328 4549 443 4622 fideles
467 4559 595 4621 nostros
622 4551 728 4619 Micus
755 4551 915 4621 (inmitem
930 4550 971 4618 de
987 4553 1230 4640 Pctnrwasara,
1254 4557 1288 4618 et
1303 4567 1370 4618 ma·
