3220 5058
698 329 854 432 *au—

213 537 337 607 pascua
361 540 534 608 peccorum
559 529 592 590 et
615 543 759 592 nemora.
791 527 829 592 lu
854 527 978 594 (luobus
1002 525 1082 596 locis
1097 526 1197 596 habet
1212 529 1333 596 molen·

213 627 308 713 dina3
326 631 575 698 conterminales
592 639 702 701 autem
717 634 843 703 habent
857 633 919 702 has
935 635 1054 702 villas:
1080 635 1167 703 Villa
1191 636 1334 724 Andreo,

214 735 295 804 villa
309 737 397 807 Petri
406 788 415 824 ,
443 739 522 807 villa
537 739 643 828 Heym
660 743 791 810 nomine
807 741 917 828 Ghog,
927 817 932 828 ¹
943 741 1025 809 uilla
1045 741 1188 810 ciuilium
1203 745 1333 812 nomine

213 844 337 931 Zalac,
352 849 466 914 Tema.
489 847 614 916 Ibidem
630 857 739 918 antem
756 850 1025 920 Ecclesia-habet
1038 855 1159 916 terram
1177 869 1217 918 ex
1234 850 1333 920 dona·
1394 879 1404 902 ·

214 953 307 1020 cione
321 953 509 1040 Leuataclrij
526 975 598 1024 cum
615 958 727 1043 siluis,
752 965 784 1026 et
801 957 920 1025 leuatis
929 1007 939 1042 ,
964 965 998 1025 et
1011 959 1144 1044 pascuis
1161 975 1334 1044 peccorum

117 1064 118 1068 ’
213 1063 256 1130 an
272 1061 305 1129 X
320 1069 445 1130 aratra.
470 1063 513 1130 ut
537 1062 639 1132 habet
656 1072 784 1153 partem
799 1066 833 1132 in
848 1063 947 1134 fluuio
964 1071 1000 1134 eb
1011 1069 1090 1150 laqu
1104 1066 1234 1132 nomine
1249 1067 1334 1132 Mor-

213 1170 264 1236 nol
288 1187 391 1253 usquc
415 1169 459 1236 acl
483 1172 693 1240 medietatem
719 1193 805 1259 aque
829 1172 978 1260 fluentis,
1001 1173 1085 1242 sicut
1100 1173 1135 1240 in
1149 1161 1335 1241 undamono

213 1277 372 1362 contingit
387 1297 474 1348 esse.
506 1279 766 1349 Oontermiuales
782 1289 891 1350 autem
906 1282 1007 1349 babet
1022 1282 1083 1349 has
1101 1281 1218 1349 villas:
1245 1279 1334 1348 Villa

211 1383 328 1471 Heym,
345 1383 427 1452 villa
442 1385 579 1474 Alberti,
597 1387 701 1457 ciuilia
718 1389 819 1457 castri
834 1389 955 1456 Zalrac.
1321 1371 1323 1378 ’

318 1491 358 1557 ln
373 1492 458 1558 silua
473 1493 547 1560 Zel
559 1515 604 1562 cs
621 1497 682 1564 sub
699 1517 762 1564 uno
778 1484 860 1583 gyro
876 1497 947 1565 siue
958 1497 1078 1564 circulo
1090 1501 1247 1562 metarum
1262 1513 1334 1581 pre·

67 1559 78 1627 ¹*
213 1597 269 1664 (lla
283 1603 359 1664 sunt
373 1599 406 1666 X
421 1599 500 1666 ville
516 1603 723 1694 subulcorum
740 1599 888 1690 (qnorum
904 1604 1037 1670 nomina
1052 1610 1127 1668 suut
1141 1602 1220 1668 hec:
1245 1602 1332 1668 llar-

212 1701 338 1790 cadou,
355 1706 418 1773 due
435 1705 516 1774 ville
529 1707 702 1796 Zyruulre,
718 1709 870 1806 Daraba,
887 1709 1078 1800 Valuusl'ey,
1093 1708 1253 1795 Nyrolrol,
1269 1708 1333 1776 due

210 1811 289 1888 ville
305 1832 369 1897 que
386 1815 484 1901 uulgo
501 1819 714 1903 appellantur,
725 1817 837 1886 Sancti
852 1817 1013 1902 Ladiulay
1023 1865 1032 1900 ,
1058 1817 1137 1883 nilla
1161 1813 1283 1892 Bouais
1301 1821 1335 1880 et

212 1919 292 1986 villa
307 1919 494 2008 deullaran)
519 1944 581 2007 que
606 1926 693 2008 wlgo
718 1929 944 2010 nuncupantur
968 1923 1132 1991 Gunnoov.
1163 1923 1202 1988 In
1217 1919 1334 2006 quibus
1467 1933 1470 1938 '

210 2027 335 2115 prediis
351 2025 413 2096 hec
429 2033 505 2097 sunt
520 2031 651 2097 uomina
667 2050 833 2098 seruorum
844 2031 864 2094 ε’
879 2028 1017 2115 Vunlra,
1035 2029 1197 2116 Vylyam,
1213 2028 1333 2113 Bcche,

146 2181 152 2194 .
210 2135 297 2202 Bure
306 2183 316 2218 ,
333 2135 519 2204 Venuculau
528 2186 538 2222 ,
555 2138 678 2222 Bacca,
696 2137 829 2206 Soenka
845 2142 879 2204 et
893 2136 1002 2220 ceteri,
1019 2137 1074 2220 qui
1091 2139 1200 2221 preter
1214 2153 1333 2221 parun-

208 2243 259 2309 los
275 2249 308 2309 ot
322 2243 457 2311 iuuenes
473 2253 549 2312 sunt
564 2252 709 2313 trecente
733 2245 931 2312 mansiones.
945 2301 948 2306 .
963 2245 1006 2310 ut
1028 2242 1085 2312 isti
1108 2242 1229 2310 debent
1253 2242 1333 2309 darc

210 2369 327 2438 porcos
342 2353 511 2434 annuatim
533 2355 753 2439 monasterio,
778 2351 934 2421 videlicet
949 2351 1013 2420 (lue
1029 2351 1218 2420 mansiones
1233 2369 1332 2418 unum

207 2459 327 2528 bonnm
344 2464 378 2528 ct
391 2459 546 2548 pinguem
561 2481 694 2549 porcum
711 2458 759 2550 (et
773 2468 924 2528 tenentur
934 2459 1015 2527 (lare
1026 2445 1162 2527 debono
1172 2459 1332 2526 frumento

209 2567 436 2636 adsexceutos
448 2569 600 2653 accones,
611 2577 644 2638 et
655 2570 849 2638 abscindere
860 2571 952 2655 ligna
968 2569 1011 2636 ad
1029 2587 1112 2635 rasa
1127 2567 1287 2654 paranda,
1299 2574 1333 2633 et

207 2681 341 2763 portare
356 2674 591 2744 ultraflnnium
607 2677 715 2763 (lopos
732 2677 776 2744 ad
795 2675 1014 2744 molendinum
1030 2674 1190 2760 Ecclesia,
1211 2679 1244 2742 ct
1258 2693 1333 2760 pro-

210 2803 326 2852 curare
350 2781 513 2851 Abbatem
539 2785 623 2851 sicut
647 2783 688 2850 (lc
712 2785 827 2871 predio
842 2785 959 2870 Tepey
973 2782 1026 2876 bis
1044 2782 1076 2847 lu
1093 2801 1190 2866 anno,
1206 2799 1284 2847 vere
1300 2787 1333 2848 et

208 2893 304 2975 ieme,
321 2891 405 2958 sicut
420 2899 531 2960 cetera
546 2893 663 2979 predia
678 2888 893 2973 monasterii).
921 2892 1078 2958 Proterca
1101 2888 1270 2957 annuatim
1288 2887 1333 2954 ad

210 2999 427 3068 calciamenta
442 2999 580 3067 fratrum
596 2998 718 3068 debent
733 2999 813 3067 darc
823 2997 884 3066 LX
895 3003 986 3066 cutes
998 2997 1150 3086 caprinas
1168 3015 1241 3064 cum
1257 3015 1331 3083 pro-

209 3108 289 3194 priis
305 3107 447 3191 aruinis;
464 3105 592 3176 scilicet
608 3107 652 3174 ad
667 3107 792 3192 pascha
804 3106 929 3193 viginti,
941 3105 974 3171 iu
988 3103 1219 3190 assumpcionc
1228 3104 1331 3170 Beate
1394 3173 1395 3176 ,

210 3213 313 3280 llario
327 3213 455 3299 viginti,
472 3213 517 3282 ad
532 3215 652 3283 sectum
668 3215 781 3283 Sancti
797 3213 931 3282 Martini
945 3213 1030 3297 XX3
1047 3219 1080 3278 ct
1090 3209 1134 3278 ad
1144 3217 1255 3278 cetera
1265 3227 1332 3275 ser·

209 3321 296 3388 uiola
321 3327 472 3388 tenentur
487 3323 572 3389 siout
587 3311 754 3390 uduornici
771 3323 812 3388 de
827 3319 980 3409 Hymni,
1007 3325 1039 3384 et
1063 3317 1188 3393 habent
1211 3323 1331 3382 terram
1360 3353 1363 3359 ·

210 3447 281 3494 cum
298 3428 390 3496 siluis
407 3435 440 3496 et
455 3429 573 3497 leuatis
589 3429 633 3496 ad
648 3430 709 3497 LX
721 3433 845 3495 'aratra
877 3421 1139 3518 (lontermlnales
1161 3417 1331 3488 villaria

209 3534 289 3600 bent
303 3530 383 3601 bas:
400 3536 488 3604 Villa
503 3535 605 3620 Luca,
622 3536 703 3602 Belo
719 3534 902 3618 tauamica,
919 3531 1084 3614 Soaroalo,
1100 3529 1233 3613 Abram,
1252 3529 1332 3606 villa

209 3639 334 3726 Helye,
359 3641 440 3708 villa
470 3641 631 3727 Gregorii,
650 3638 801 3727 (nepotes
834 3639 997 3706 Macharii
1022 3657 1095 3705 cum
1120 3637 1207 3704 uillis
1233 3636 1328 3724 suis),

115 3795 117 3802 .
209 3745 441 3814 monasterium
471 3749 583 3816 Sancti
607 3747 724 3816 Jacobl
748 3753 781 3814 et
802 3745 883 3815 villa
906 3746 1042 3814 Comitis
1062 3743 1140 3829 cuo,
1163 3739 1329 3831 (uduorni-

210 3874 321 3922 corum
344 3855 444 3940 chis
469 3851 532 3941 B.),
557 3855 709 3923 Ecclesia
732 3855 852 3923 Sancte
877 3853 1067 3940 Trinitatis,
1084 3857 1221 3938 nepotes
1246 3851 1329 3918 Poth

210 3962 365 4048 (lomitis,
389 3959 448 4030 lilii
471 3965 645 4047 Ilemeres,
673 3964 764 4032 Luca
789 3983 861 4030 cnm
888 3964 1051 4046 cognatis.
1070 3961 1127 4032 ,ut
1148 3960 1203 4028 isti
1218 3977 1330 4046 omnes

207 4070 455 4136 commentanei.
486 4070 577 4136 Infra
600 4070 750 4158 predicta
774 4090 852 4138 uero
876 4071 994 4157 predia
1020 4074 1097 4136 sunt
1112 4067 1328 4152 conterranei,

209 4176 336 4244 scilicet
364 4175 424 4244 lilii
454 4177 574 4257 Pauli,
594 4179 785 4248 Dominicus
816 4186 850 4245 ot
880 4178 983 4246 Vidua
1014 4177 1174 4245 habentes
1207 4182 1328 4242 terram

209 4285 254 4354 ad
278 4285 344 4352 1111
375 4290 487 4352 aratra
511 4285 670 4354 arabilem
694 4287 766 4354 sine
791 4287 885 4354 siluis
910 4293 944 4354 ct
968 4287 1040 4353 siue
1070 4285 1176 4350 metis.
1208 4281 1328 4348 Simili·

210 4399 260 4460 ter
276 4399 308 4460 et
324 4393 438 4479 populi
451 4393 597 4476 Regino,
624 4393 677 4475 qui
702 4398 777 4461 sunt
801 4393 863 4460 XV
889 4391 1095 4473 mansiones,
1121 4389 1243 4455 habent
1268 4393 1330 4456 ter·

208 4519 280 4568 ram
295 4497 340 4568 ad
355 4506 427 4566 octo
443 4506 643 4568 aratracum
662 4497 756 4566 siluis
780 4499 867 4565 inlra
890 4505 996 4566 metas
1012 4503 1045 4564 ct
1060 4497 1164 4564 siluas
1178 4493 1329 4562 Ecclesia

209 4607 322 4676 Sancti
337 4607 467 4675 Martini
484 4613 518 4674 ct
532 4607 591 4674 alii
606 4605 697 4672 nulli.
708 4605 865 4675 Proterea
880 4607 913 4672 iu
928 4605 1042 4672 'lata
1058 4601 1159 4668 babet
1167 4601 1233 4668 1111
1241 4601 1329 4668 bona
