3154 5038
825 255 893 326 260

777 351 938 366 m

298 451 466 519 uduorniei
491 449 662 517 memorati
688 449 936 532 destruxerant,
961 449 1005 514 ad
1023 450 1073 514 ins
1090 449 1240 517 Euolesie
1256 447 1423 516 antedicto

296 559 492 626 restituatur.
511 556 576 626 Sed
586 559 663 641 quia
678 557 758 626 dieti
768 553 938 624 uduorniei
955 562 1078 623 temere
1095 555 1277 622 diutissime
1292 563 1422 622 uertan-

297 675 347 734 tes
362 667 564 754 presteldum
581 675 724 734 nostrum
742 668 854 748 semel,
879 663 1024 732 seeundo
1041 667 1189 732 aeternio
1207 672 1311 731 metas
1329 673 1418 730 terre

296 775 383 844 illius
399 793 560 842 renouare
585 793 649 842 non
674 773 892 859 permiserunt
917 773 1008 840 iuxta
1040 780 1144 840 metas
1161 773 1333 855 antiquas3
1358 791 1422 838 nos
1528 831 1529 866 Ξ

296 885 360 970 ipsi
383 881 599 970 personaliter
625 881 669 950 ad
703 889 824 950 terram
855 881 946 948 illam
963 883 1163 948 accessimus
1180 898 1303 966 ponere
1319 878 1418 946 tinem

296 977 467 1058 certamini
500 989 584 1056 inter
618 989 802 1057 Ecclesium
838 995 871 1055 et
906 987 1101 1056 uduornioos
1141 989 1335 1054 antedictos.
1377 987 1422 1052 Et
1529 982 1530 1035 ἶ

296 1099 373 1184 qnia
383 1097 529 1165 constitit
537 1097 682 1184 espestni
692 1102 814 1181 nostro,
830 1102 935 1164 metas
952 1097 1029 1164 illas
1040 1097 1109 1163 fore
1124 1117 1232 1180 verus,
1244 1115 1325 1180 quas
1335 1093 1420 1161 dieti

294 1204 463 1274 uduornioi
487 1203 736 1290 destruxerant3
761 1225 820 1292 per
843 1203 1007 1271 hominem
1031 1212 1176 1271 nostrum
1201 1201 1419 1272 Benediotnm

294 1311 394 1378 filium
410 1310 519 1377 Beeud
543 1309 681 1378 teoimns
697 1312 869 1395 renouari,
896 1309 1057 1394 quosdam
1073 1331 1114 1378 ex
1131 1309 1213 1396 ipsis
1230 1308 1420 1377 uduornieis

294 1419 335 1487 de
349 1419 409 1486 tali
434 1419 683 1505 presumpcione
710 1419 743 1485 in
760 1421 935 1487 abrasione
962 1420 1080 1504 eapitis
1105 1439 1216 1486 eorum
1243 1419 1419 1500 nondump-

292 1524 418 1609 uand03
443 1531 476 1592 et
499 1524 690 1608 reliquimus
715 1525 820 1612 ipsam
845 1534 967 1593 terram
991 1525 1036 1594 ad
1052 1527 1102 1592 ins
1127 1525 1277 1592 Euolesie
1293 1543 1419 1590 memo-

293 1640 366 1701 rate
389 1641 546 1720 perpetuo
571 1632 804 1717 possidendam
832 1631 1010 1700 seeundum
1026 1632 1267 1700 continentiam
1282 1631 1416 1718 prinile

292 1743 417 1828 giorum
433 1741 584 1829 superius
599 1743 665 1808 iam
691 1741 859 1808 dictorum.
886 1743 937 1810 Ne
953 1743 1052 1828 igitur
1067 1741 1101 1808 in
1117 1761 1273 1826 processu
1288 1747 1417 1824 tempo·

291 1869 361 1916 rum
377 1847 550 1935 sepedicti
577 1847 741 1914 uduornioi
769 1849 811 1915 de
829 1851 909 1916 villa
925 1849 994 1915 Fen
1007 1849 1210 1934 sepedictam
1228 1847 1415 1915 Eculesiam

291 1956 404 2024 Sancti
420 1956 552 2022 Martini
576 1957 693 2022 iterato
719 1957 845 2040 possint
871 1959 924 2024 vel
941 1957 1085 2024 debeant
1102 1977 1201 2040 snper
1217 1955 1305 2022 iacto
1321 1955 1414 2020 illins

289 2071 375 2130 terre
390 2063 559 2146 impetere,
577 2063 609 2129 in
627 2064 921 2132 memoriamhuins
937 2064 1016 2133 faeti
1036 2071 1208 2150 presentes
1225 2065 1349 2130 litteras
1368 2063 1415 2128 si-

289 2171 368 2254 gillo
384 2181 495 2242 nostro
522 2173 735 2239 communitas
761 2173 910 2240 duximus
928 2173 1170 2244 concedendas.
1188 2175 1281 2242 Anno
1295 2172 1413 2239 Domi-

289 2278 363 2346 nioe
378 2279 626 2346 Inearnaoionis
648 2279 873 2350 M⁰GG⁰L⁰V⁰.

286 2490 326 2561 (A
346 2487 561 2548 nemtmtrtont
581 2487 733 2564 idapdtsdss
753 2489 951 2550 levdltdrdbsn
973 2492 1189 2550 drndtteredeti
1207 2489 1285 2549 utin.
1303 2495 1413 2559 Cura).

807 3311 884 3376 m.

282 3505 412 3572 Rotded
428 3505 528 3570 addar
544 3507 576 3569 6⁸
599 3505 709 3571 Vinum
724 3507 845 3592 uyitroi
857 3507 979 3592 ponputr
995 3531 1016 3571 a
1025 3507 1178 3594 pozsooyi
1192 3507 1404 3592 udrjdszdpok

279 3608 581 3697 oimzafopluldadra
603 3611 758 3676 titulatur
775 3613 876 3698 tuot,
897 3637 935 3676 az
960 3615 1120 3699 alpereeek
1146 3615 1245 3698 oddja
1262 3611 1400 3699 fotytdn

284 3717 370 3801 Tpoz
395 3717 557 3781 Mittoarot
568 3718 597 3782 el
613 3718 759 3782 altar-adu
776 3721 869 3782 venui
885 3717 1026 3785 Ckoodol
1035 3724 1200 3806 jdeza'pot,
1225 3743 1246 3784 a
1254 3717 1403 3805 sulpurea

278 3819 359 3886 oleat
383 3823 574 3892 ettmotatort
602 3823 839 3910 adoarduyleudl
862 3826 1102 3911 ltduetkeetddera
1128 3827 1203 3892 ποῖοί
1215 3827 1305 3892 dulit
1323 3825 1400 3890 oda.

792 3933 890 3997 1255.

381 4105 548 4173 Rotundus
571 4109 742 4176 Palatinus
767 4117 801 4178 et
826 4110 942 4178 Comes
960 4111 1181 4198 Posoniensis,
1198 4107 1398 4178 Vincendus

275 4209 339 4280 Dei
362 4214 477 4297 grania
502 4215 685 4302 Episcopus
710 4218 885 4285 Nitriensis
912 4217 1061 4286 omnibns
1078 4224 1249 4304 presentes
1266 4219 1395 4284 litteras

274 4316 468 4404 inspecturis
484 4323 622 4391 salntem
639 4325 672 4390 in
688 4344 736 4408 eo,
754 4325 809 4409 qui
826 4334 874 4392 est
889 4329 981 4394 satus
997 4326 1148 4394 omnium.
1158 4327 1211 4393 Ad
1227 4325 1395 4393 vniuerso-

272 4446 342 4494 rum
358 4430 512 4498 notieiam
537 4433 652 4499 harum
668 4436 754 4501 serie
772 4437 918 4503 volumus
942 4436 1133 4522 peruenire,
1159 4434 1246 4517 quod
1262 4453 1334 4500 enm
1349 4449 1394 4496 ex

274 4535 411 4618 speciali
436 4538 590 4606 mandato
615 4540 737 4608 domini
762 4544 841 4610 Bele
866 4544 1002 4613 illustris
1018 4545 1118 4631 Regis
1135 4543 1278 4630 Vngarie
1293 4559 1395 4626 nuper
