3154 5030
191 955 318 1054 Tiepolo
342 953 449 1022 Jakal
470 953 620 1020 adami
635 953 876 1042 dopeokmdoyo
891 974 912 1016 a
927 953 1013 1018 lrb‘zta
1029 954 1060 1018 ts
1074 949 1134 1018 IV.
1151 949 1311 1018 Balomo-

379 1085 460 1152 9ycr
475 1063 583 1150 kiraty
601 1061 673 1126 boat
688 1061 784 1126 tonost
800 1060 1001 1148 bdkeaadprdl.
1019 1057 1119 1126 1244.⁴

292 1243 363 1309 Nos
381 1239 528 1309 Jacobus
554 1239 720 1324 'Icopnlus
745 1237 810 1306 Dei
825 1238 933 1324 gratia
947 1237 1024 1304 Dux
1039 1237 1243 1305 Venetorum
1265 1243 1311 1305 te·

187 1370 267 1418 nore
282 1349 504 1435 praesentium
521 1349 604 1415 scire
619 1347 769 1416 volumus
785 1347 966 1433 universos,
985 1345 1071 1431 qnod
1089 1365 1161 1412 oum
1178 1345 1308 1413 domino

185 1457 280 1526 Bella
294 1457 413 1523 Incllto
429 1457 519 1541 Rege
545 1455 769 1540 Hungarorum
785 1455 819 1520 in
834 1457 928 1539 pacis
942 1461 975 1522 et
991 1453 1156 1522 amicitiae
1172 1451 1309 1520 foedera

185 1574 343 1652 perpetuo
375 1565 459 1631 inter
490 1564 596 1650 ipsum
622 1572 655 1630 et
670 1582 730 1628 nos
756 1569 788 1629 et
805 1563 1067 1629 communitatem
1097 1561 1307 1628 venetiarum

184 1673 340 1739 durature
356 1669 568 1738 convenimus
581 1671 616 1736 in
631 1669 718 1737 bunc
735 1667 873 1737 modum.
883 1667 1114 1737 Promittentes
1123 1667 1305 1734 iuramento

186 1781 400 1865 corporaliter
423 1777 583 1865 praestito
600 1777 698 1844 tactIs
716 1777 820 1844 saorla
835 1773 966 1841 nomine
982 1773 1305 1842 nostroetGommu·

185 1889 237 1955 uls
255 1888 473 1972 venetiarum,
491 1885 744 1970 qncdnniversa
755 1893 787 1954 et
798 1885 928 1967 singula
939 1883 1084 1968 capitula
1099 1881 1310 1968 infrascripta

185 1995 434 2062 observabimus
461 2003 494 2061 et
519 1993 724 2061 attendemus
740 1991 827 2059 bona
852 1989 918 2056 fide
943 1990 1016 2057 sine
1040 1988 1155 2056 fraude
1182 1989 1311 2073 absque

185 2103 254 2170 ullo
270 2103 357 2169 malo
382 2101 525 2185 ingenio,
544 2108 576 2167 et
591 2097 759 2168 observari
775 2120 796 2164 a
812 2099 931 2164 nostris
958 2096 1194 2166 iuviolabiliter
1209 2095 1308 2163 taete-

185 2229 269 2296 mus‚
283 2207 437 2277 videlicet
454 2207 543 2294 quod
559 2217 626 2275 tam
642 2207 730 2275 dicto
747 2206 840 2292 Regi,
865 2223 962 2289 quam
978 2205 1047 2272 suis
1063 2203 1238 2273 heredibus
1253 2221 1308 2271 rs·

184 2339 266 2401 ram,
283 2315 420 2400 firmam,
437 2323 470 2384 et
478 2323 670 2404 perpetuam
686 2326 803 2401 paoem
813 2321 846 2381 et
857 2311 1035 2379 amicitiam
1051 2312 1306 2379 observabimus.

184 2427 266 2492 Item
283 2423 369 2509 quod
386 2443 446 2491 nos
464 2433 495 2490 et
510 2441 622 2490 omnes
634 2422 678 2488 ad
687 2439 748 2488 nos
758 2421 957 2507 pertinentes
973 2439 1038 2486 non
1054 2419 1306 2505 receptabimns,

183 2551 244 2599 nec
269 2531 490 2616 retinebimus,
511 2550 571 2596 nee
582 2531 762 2615 receptari,
787 2549 849 2596 neo
864 2529 997 2596 retineri
1012 2527 1235 2614 permittemus
1250 2527 1309 2595 ali·

183 2658 266 2726 quos
280 2640 430 2707 immicos
455 2640 508 2706 rel
524 2636 672 2706 infideles
697 2637 776 2704 dicti
791 2635 914 2706 domini
939 2637 1040 2720 Regis
1057 2636 1098 2703 dc
1114 2637 1230 2720 Regno
1247 2655 1306 2704 suo

183 2749 373 2828 existentes,
389 2765 450 2814 nec
464 2744 595 2828 aliquod
621 2745 808 2829 consilium,
833 2743 888 2812 vel
905 2743 1063 2814 auxilium
1080 2745 1128 2812 eis
1144 2742 1308 2832 impende·¹

180 2874 262 2936 mus,
280 2855 334 2921 vel
349 2854 498 2941 impendi
508 2853 743 2940 permittemus,
760 2859 935 2937 postquam
943 2851 1040 2922 nobis
1050 2852 1233 2922 constiterit
1247 2870 1308 2940 per

180 2963 310 3029 litteras
326 2962 463 3030 Domini
478 2960 578 3046 Regis
594 2962 648 3028 rel
664 2980 723 3046 per
737 2960 888 3028 nuncium
903 2979 995 3030 suum
1012 2961 1254 3049 Episcopalem3
1271 2967 1305 3031 et

181 3068 266 3154 quod
281 3069 467 3156 significare
494 3069 679 3137 curabimus
710 3088 769 3156 per
784 3075 916 3137 nostras
945 3069 1084 3138 litteras.
1102 3069 1190 3137 infra
1222 3068 1305 3138 duca

181 3198 311 3247 menses
327 3200 348 3246 a
364 3185 510 3266 tempore
538 3179 688 3264 praestiti
713 3177 885 3247 iuramenti
903 3177 1140 3266 computandos
1157 3175 1306 3246 omnibus

180 3285 363 3356 comitibus
388 3294 422 3354 et
445 3288 668 3358 Potestatibus
694 3286 737 3356 ad
768 3283 948 3375 Donatum}
963 3285 1173 3356 venetiarum
1202 3287 1303 3372 porti-

180 3395 331 3461 nantibus
347 3416 368 3462 a
384 3394 532 3482 Ragonio
560 3413 665 3479 usque
689 3396 797 3479 ipsam
813 3394 987 3461 Civitatem
1003 3393 1214 3460 venetiarum
1232 3413 1308 3462 con·

181 3501 313 3584 stitutis,
326 3501 572 3586 quodinimicos
582 3501 637 3570 rel
647 3500 798 3568 infideles
809 3500 888 3568 dicti
897 3499 1018 3568 domini
1028 3497 1128 3585 BegIs
1142 3501 1183 3569 de
1194 3501 1307 3587 Regno

183 3628 240 3678 sno
257 3611 437 3678 existentes
454 3630 520 3679 non
536 3610 760 3698 receptabnnt,
777 3629 838 3677 nec
848 3610 1044 3694 retinebunt,
1060 3627 1122 3676 nec
1132 3611 1306 3698 receptari,

181 3737 243 3786 nec
258 3719 392 3786 retineri
414 3719 605 3806 permittent
614 3770 623 3804 ,
648 3737 710 3786 nec
737 3718 872 3804 aliquod
887 3719 1061 3786 eonsilium
1078 3717 1131 3785 rel
1147 3719 1306 3788 auxilium

181 3827 231 3894 eis
256 3825 464 3912 impendent,
491 3827 545 3894 rel
570 3825 714 3914 impendi
738 3827 934 3914 permittent
959 3828 1040 3893 Item
1059 3845 1131 3894 curn
1157 3827 1306 3911 requisiti

182 3933 338 4003 fuerimus
353 3955 375 4001 a
391 3935 478 4004 dicto
488 3937 618 4004 domino
630 3935 731 4022 Rege,
747 3939 800 4004 rel
816 3936 922 4022 ipsius
937 3935 1193 4020 successoribus,
1210 3939 1307 4021 prout

181 4043 277 4110 decet
288 4042 332 4108 ab
341 4043 457 4127 amico,
467 4045 637 4110 consilium
648 4051 681 4110 et
692 4043 852 4110 auxilium
860 4041 1087 4129 impendemus
1103 4043 1167 4130 ipsi
1176 4041 1305 4110 domino

181 4148 263 4233 Regi
279 4155 394 4216 contra
411 4170 487 4220 suos
504 4151 652 4218 immicos
663 4157 696 4216 et
705 4150 864 4234 infideles,
879 4151 1022 4218 maxime
1032 4153 1114 4218 citra
1129 4149 1304 4233 maritima,

182 4258 444 4326 sicntconsuevit
470 4259 596 4325 amicus
621 4257 760 4324 amicum
784 4257 907 4338 iurare,
940 4257 969 4323 si
985 4258 1096 4326 facere
1125 4254 1305 4343 poterimus

181 4383 254 4431 cnm
269 4363 355 4430 bono
372 4373 406 4431 et
419 4364 591 4432 honore-et
607 4364 714 4431 salute
739 4363 963 4430 venetiarum.
979 4365 1061 4432 Item
1078 4361 1166 4448 quod
1181 4361 1305 4432 nullam

180 4472 437 4555 conventionem,
454 4473 576 4539 nullum
586 4477 731 4560 pactum,
747 4471 870 4537 nnllam
880 4469 1082 4554 societatem,
1091 4469 1215 4537 nullam
1226 4489 1303 4540 con·

179 4579 436 4648 foederationem
461 4579 618 4652 iaciemus
644 4597 704 4647 nos
721 4587 754 4648 et
779 4577 1000 4649 Communitas
1015 4577 1226 4650 Venetiarum
1242 4595 1305 4648 nec
