3220 5058
131 936 138 944 ’
238 981 295 1046 rr.
313 979 448 1068 coperp
457 983 550 1068 popa
565 980 626 1045 JV.
642 981 725 1046 acm
741 980 866 1069 ortorp
881 983 959 1068 tuo,
975 985 1054 1072 copy
1070 1007 1091 1048 a
1106 991 1365 1077 pappare-raca

360 1089 518 1178 cpyldzalc
525 1092 635 1178 jopait
650 1091 681 1154 aa
697 1091 835 1157 birtolcdt
851 1093 998 1179 &propbeta
1014 1099 1126 1177 taedeo.
1144 1095 1246 1162 1236..

344 1267 522 1355 Gregorius
537 1269 720 1356 Episcopus
736 1277 798 1338 etc.
817 1272 988 1340 carissimo
1003 1271 1038 1338 in
1050 1269 1181 1341 Christo
1197 1269 1264 1340 filio
1280 1273 1363 1344 Bele

237 1375 358 1442 lllnatri
373 1377 454 1461 Regi
474 1374 616 1463 Ungarie
633 1379 772 1444 salntem
789 1387 851 1446 eto.
883 1378 929 1445 Ut
952 1389 984 1444 te
1009 1381 1099 1448 clare
1115 1380 1271 1448 memorie
1287 1400 1360 1468 pro·

238 1483 419 1566 genitorum
443 1489 577 1558 tuorum·
594 1504 705 1552 verum
731 1489 922 1556 ostenderes
946 1504 1192 1567 successorem,
1216 1489 1361 1574 ipsorum

238 1585 392 1655 inherens
416 1590 585 1674 vestigiis,
613 1591 662 1658 eis
681 1591 714 1656 iu
730 1591 847 1658 timore
860 1591 974 1678 Divisi
988 1596 1129 1662 nominis
1145 1601 1178 1662 et
1193 1614 1305 1662 amore
1321 1614 1360 1662 ao

239 1695 387 1762 Ecclesia
397 1693 571 1763 devotione
587 1694 726 1764 deberes
742 1698 937 1781 succedere,
953 1697 1126 1784 ipsamque
1142 1700 1220 1767 totis
1236 1701 1362 1768 viriam

240 1803 420 1870 bonorare:
436 1803 514 1888 quia
529 1801 578 1872 sic
594 1803 721 1871 faciens
737 1805 904 1892 prosperis
913 1807 986 1873 Deo
1001 1805 1142 1892 propitio
1158 1807 1363 1874 successibus

239 1909 443 1995 abundares,
470 1917 503 1977 et
526 1921 660 1999 propter
676 1910 866 1981 inevitalem
881 1914 947 1980 vite
964 1916 1086 1982 exitum
1103 1915 1285 2001 temporale
1300 1916 1362 1982 Rc-

236 2037 335 2105 gnum
346 2025 557 2087 commutaret
570 2019 658 2088 felici
675 2021 872 2088 commercio
887 2023 921 2087 in
937 2029 1094 2091 eternum.
1112 2021 1178 2092 Sed
1193 2024 1282 2106 qnod
1297 2043 1363 2090 nou

237 2127 364 2210 absque
379 2126 560 2194 turbatione
577 2128 696 2196 mentis
712 2127 898 2195 audiuimus
914 2137 947 2196 et
962 2136 1103 2216 stupore,
1121 2127 1361 2199 GelsitudoRe·

236 2235 293 2322 gia
307 2237 341 2302 in
357 2234 515 2302 offensam
531 2237 705 2323 Divinam,
732 2235 881 2305 llcclesis
900 2239 1047 2306 Romane
1064 2245 1285 2324 contemptum
1295 2289 1304 2316 ,
1314 2259 1317 2267 ’
1328 2247 1362 2307 et

236 2363 301 2410 nou
326 2345 431 2410 solum
455 2343 561 2423 ianne,
587 2344 646 2416 sed
662 2353 695 2411 et
711 2345 829 2414 salutis
843 2347 978 2434 proprie
993 2348 1151 2414 lesionem
1177 2354 1291 2413 contra
1306 2365 1361 2414 eo·

236 2447 369 2518 rundem
395 2447 637 2537 progenitorum
661 2459 787 2521 tuorum
813 2457 1098 2539 consuetudinem,
1125 2455 1179 2538 qui
1203 2463 1362 2538 tauquam

237 2560 346 2641 Reges
361 2557 519 2628 catholici
544 2567 577 2627 et
601 2562 770 2647 Principes
793 2560 972 2629 Obristiani
986 2563 1212 2648 Apostolicam
1228 2562 1360 2640 Sedena,

237 2685 351 2734 omues
377 2667 563 2752 Ecclesiae,
589 2687 750 2756 personas
776 2667 1020 2737 ecclesiasticas
1037 2675 1070 2736 et
1084 2671 1174 2737 viros
1189 2668 1361 2754 religiosos

236 2775 292 2860 pio
308 2795 438 2861 semper
455 2785 488 2842 et
502 2785 653 2862 prompto
669 2779 912 2845 venerabantur
928 2777 1047 2856 affectu
1056 2826 1066 2861 ,
1093 2795 1208 2844 manus
1224 2795 1305 2844 snas
1318 2777 1364 2845 ad

237 2883 460 2975 Ecclesiarum
476 2891 509 2952 et
524 2885 747 2969 religiosorum
763 2887 906 2954 locorum
921 2905 1100 2970 maranen
1116 2883 1283 2962 extendit,
1298 2905 1361 2952 nos

237 3010 297 3075 spe
307 3041 316 3074 ,
342 3011 438 3073 quarn
456 2989 497 3060 de
513 2993 588 3078 ipsa
605 2994 834 3081 concepimus,
860 2994 1104 3080 defraudand05
1130 3013 1172 3060 ex
1190 3013 1253 3077 quo
1268 3000 1361 3060 tanto

237 3097 295 3162 tibi
319 3099 470 3166 timemus
494 3103 655 3187 amplius,
682 3109 715 3168 et
738 3122 798 3188 pro
822 3111 864 3170 te·
880 3103 979 3171 etiam
995 3102 1172 3190 specialius
1190 3101 1360 3169 couturba-

238 3225 326 3290 mur,
351 3215 472 3290 quanto
497 3211 551 3291 qui
567 3208 675 3276 Deum
691 3211 896 3294 persequitur
911 3212 946 3277 in
961 3209 1138 3292 ministris,
1165 3210 1299 3293 gratim
1325 3227 1362 3273 se

239 3311 384 3396 offendit,
401 3333 498 3398 qnam
513 3316 600 3406 illos,
617 3337 698 3402 quos
714 3319 922 3404 persequitur
936 3323 1070 3402 propter
1086 3316 1202 3380 Deum.
1219 3313 1362 3380 Grauem

237 3419 398 3503 siqnidem
414 3421 605 3490 dilectorum
621 3424 763 3492 filiorum
780 3474 786 3487 .
806 3470 813 3486 .
831 3472 839 3487 .
856 3422 1014 3507 Egrensis
1040 3427 1073 3486 et
1098 3420 1235 3486 aliorum
1253 3420 1361 3486 Abba-

238 3535 305 3594 tnm
321 3527 549 3596 (listerciansis
566 3529 709 3614 Ordinis,
727 3579 734 3593 .
753 3579 760 3594 .
781 3577 788 3592 .
814 3527 996 3613 Hospitalis
1013 3546 1143 3610 quoquo
1158 3527 1359 3594 Jerosolimi·

237 3635 316 3721 tani,
333 3683 341 3700 .
358 3685 366 3700 .
384 3685 391 3700 .
409 3637 526 3704 blilitie
536 3639 676 3724 Templi,
691 3685 698 3700 .
719 3685 727 3700 .
746 3685 753 3701 .
771 3635 884 3704 Sancti
893 3636 1010 3702 Lazari
1026 3641 1059 3701 et
1075 3684 1083 3700 .
1102 3683 1110 3699 .
1127 3683 1135 3702 .
1153 3635 1267 3702 Sancti
1277 3635 1358 3705 San-

239 3743 311 3808 soni
334 3743 368 3806 in
392 3741 544 3827 Ungaria
568 3742 797 3828 Magistrorum
820 3751 852 3810 et
870 3743 1004 3810 fratrum
1019 3743 1359 3828 recepimus'questio-

237 3867 331 3934 uem,
356 3849 441 3936 quod
458 3869 530 3918 cum
547 3851 657 3918 inclite
673 3849 908 3920 recordatiouis
925 3851 1127 3937 Aimericus,
1155 3858 1187 3917 et
1209 3849 1360 3927 Andreas

238 3965 425 4044 pateranus
441 3959 590 4046 Ungarie
605 3981 645 4028 ac
660 3959 837 4030 Salmonis
852 3960 970 4045 Reges,
986 3965 1019 4026 et
1035 3957 1094 4025 alii
1109 3957 1231 4026 (ibristi
1245 3956 1360 4026 fideles

237 4087 296 4152 per
311 4069 459 4153 Regnum
476 4067 620 4153 Ungarie
636 4075 670 4137 et
684 4069 892 4137 Selavouiam
915 4067 1083 4134 constituti
1102 4066 1262 4150 quosdam
1286 4067 1359 4134 red·

239 4174 344 4260 ditus,
361 4181 485 4261 terras,
502 4175 729 4262 possessiones
745 4183 777 4244 at
793 4193 845 4242 res
861 4174 948 4241 alias
963 4173 1098 4260 pietatis
1114 4173 1231 4240 intuitu
1247 4191 1360 4242 eorum

239 4281 396 4352 Ecclesiis
412 4289 445 4351 et
461 4283 608 4351 domibus
624 4283 837 4351 contulissent
846 4331 855 4366 ,
880 4288 915 4348 tn
933 4300 1044 4349 eorum
1064 4281 1187 4348 oblitus
1203 4284 1360 4350 memorie

235 4391 427 4476 recolende,
451 4392 595 4478 ipsorum
617 4389 759 4477 vestigia
773 4411 839 4457 uon
854 4389 1038 4460 deserenda
1061 4389 1253 4482 relinquens
1264 4437 1274 4473 ,
1302 4409 1359 4457 eos

235 4500 392 4583 predictis
416 4501 565 4568 omnibus
588 4521 647 4587 pro
671 4507 726 4566 tue
749 4499 927 4567 voluntatis
944 4497 1078 4566 arbitrio
1093 4497 1266 4582 spoliasti,
1291 4515 1358 4564 non

237 4605 362 4696 absque
377 4607 497 4678 Divino
512 4607 631 4680 iniuria
644 4608 850 4693 Maiestatis,
876 4625 940 4696 que
964 4601 1051 4691 qnod
1074 4605 1130 4672 uni
1154 4621 1196 4670 ex
1218 4601 1360 4668 minimis
