3140 5044
734 215 893 366 ssrn„

254 477 326 528 cum
342 458 508 545 particula
523 460 625 528 teneti
649 461 776 550 absque
787 459 972 546 jnramento
996 460 1138 530 Abbatis
1154 462 1188 528 iu
1202 478 1286 550 pace
1301 459 1372 529 red-

254 565 406 638 diderunt
421 567 572 636 Ecclesie
597 589 697 657 supra
712 569 809 636 dicte.
826 569 943 637 Dictus
959 576 1068 638 autem
1082 569 1272 658 prestaldus
1288 576 1322 636 et
1336 568 1372 636 li·

251 673 323 744 beri
331 676 578 744 uduornicorum
585 685 693 746 metas
708 684 794 746 terre
804 696 884 764 sepe
893 679 1060 747 nominato
1074 678 1186 746 taliter
1200 677 1371 746 distinctas

254 791 456 851 enarrarunt
481 785 591 854 Prima
615 793 703 852 meta
720 785 869 870 ejusdem
885 781 1019 853 afluuio
1035 785 1207 874 Toplycha
1224 781 1371 852 excundo

250 890 348 976 juxta
362 882 517 977 maguam
532 893 666 960 salicem
681 893 716 958 iu
730 892 903 960 latitudine
913 901 1082 980 terrarum,
1098 913 1162 980 que
1176 895 1274 979 vulgo
1291 892 1371 960 Ket-

255 995 504 1084 ba'taua,Scelc
528 999 655 1084 dicitur,
672 1021 693 1068 a
708 1005 803 1088 parte
820 998 994 1068 anrsuka
1007 1001 1041 1067 in
1057 999 1260 1085 longitudine
1276 999 1373 1068 nnius
1445 1079 1455 1094 ἢ

252 1108 384 1194 jugeris
400 1108 489 1176 cadit
516 1109 551 1174 in
567 1107 659 1176 Anas
684 1108 781 1176 Scele
796 1107 841 1175 od
857 1106 1023 1190 orientem,
1047 1115 1079 1174 ct
1094 1129 1153 1196 por
1168 1107 1305 1174 eundem
1319 1104 1373 1173 flu·

257 1214 344 1282 uium
370 1213 474 1281 tendit
489 1217 533 1282 ad
557 1213 818 1284 merridionalem
842 1215 885 1281 ad
900 1235 998 1282 unum
1023 1217 1068 1285 od
1082 1235 1181 1282 unum
1205 1237 1250 1299 er,
1266 1222 1298 1281 et
1312 1233 1372 1301 per

255 1323 395 1391 cundem
412 1345 446 1386 cr
460 1321 552 1389 uadit
567 1321 610 1389 ad
627 1329 733 1392 metas
747 1321 861 1391 Sancti
876 1318 1044 1414 Ladislai3
1067 1324 1144 1393 hinc
1160 1331 1269 1390 autem
1284 1321 1373 1390 refle-

254 1429 352 1498 ctitur
368 1433 412 1498 ad
429 1429 677 1512 accidentalem,
694 1449 753 1516 per
768 1431 942 1518 indagines
959 1433 1126 1518 spinarum
1144 1431 1234 1498 cadit
1258 1431 1303 1496 ad
1318 1428 1374 1498 flu-

252 1539 340 1604 vium
349 1537 509 1626 Toplicha
519 1541 750 1624 supradictum,
761 1547 794 1606 et
803 1561 862 1626 per
871 1543 1009 1610 eundem
1017 1540 1178 1629 'Poplicha
1188 1539 1280 1608 vadit
1295 1540 1375 1607 infe·

253 1633 320 1714 rius
336 1645 379 1712 ad
394 1646 499 1714 locum
525 1647 705 1733 predictum
731 1649 817 1716 unde
832 1650 977 1733 exierat,
1003 1657 1035 1718 ct
1049 1650 1096 1716 ibi
1111 1649 1312 1716 terminatur.
1328 1645 1371 1713 Vt

254 1760 363 1820 autem
393 1754 514 1820 nostris
539 1762 636 1838 gesta
651 1755 853 1839 temporibus
884 1759 984 1825 robur
1000 1756 1165 1823 firmitatis
1193 1754 1374 1836 obtineant,

252 1880 313 1927 nec
329 1879 388 1946 per
403 1859 536 1927 eosdem
551 1861 671 1929 liberos
680 1863 928 1930 uduornicorum
940 1865 974 1930 in
990 1863 1114 1930 irritum
1130 1863 1264 1930 valeant
1279 1881 1372 1929 revo-

252 1965 340 2052 cari,
364 1973 548 2054 presentem
564 1967 728 2036 chrartam
744 1969 886 2055 duplicis
902 1969 1003 2055 sigilii
1017 1971 1121 2038 nostri
1136 1971 1311 2038 munimine
1326 1969 1372 2036 fe-

254 2075 356 2142 cimus
380 2075 539 2142 roborari.
561 2077 656 2145 Anno
685 2079 855 2146 Dominice
886 2077 1128 2147 iucarnationis
1159 2077 1369 2148 M⁰GG⁰XL⁰.

253 2181 377 2266 quinto.

282 2373 286 2381 '
395 2375 539 2447 (Eredetie
557 2394 575 2432 a
593 2377 808 2436 sncntmirtoni
827 2377 983 2453 ftapttsag
1001 2329 1221 2450 raetorum.)
