3220 5058
781 331 826 398 20

242 531 322 597 lVa
336 528 472 615 Vyioiu‚
489 531 556 596 V·a
570 529 705 613 Vduory
713 574 723 609 ,
740 527 823 592 iii-a
838 525 968 610 Molos,
986 522 1080 602 VII-a
1095 523 1235 609 Vdooro,
1252 523 1367 593 vma

241 638 464 724 Bnhturuyay.
495 636 566 704 Hec
591 637 667 703 ville
693 639 767 701 sont
790 633 824 698 in
849 625 1008 718 parocbia
1031 633 1236 700 Posoniensi.
1267 635 1363 702 Nona

243 744 324 810 uilla
340 743 493 828 est-infra
508 740 629 808 limites
655 741 697 808 de
721 737 848 820 Nitria,
875 745 909 806 et
926 739 1067 807 ecclesia
1083 738 1198 808 Sancti
1214 741 1364 828 Spiritus,

241 857 278 918 et
292 849 472 934 pomerium
487 847 583 915 ualde
598 849 736 934 bonnm,
764 855 797 914 et
818 851 905 914 terra
921 847 1044 914 donata
1059 867 1080 914 a
1095 848 1254 930 magistro
1271 849 1363 916 Sma-

245 955 347 1044 ragdo
373 957 416 1022 ad
441 955 504 1020 tria
529 962 639 1022 aratra
659 974 731 1021 cum
747 953 865 1021 sanetis
882 973 985 1038 usque
1000 954 1044 1021 ad
1060 954 1172 1022 vitiam
1189 955 1366 1022 Galantba.

248 1067 290 1132 Et
304 1063 351 1128 ibi
365 1063 465 1128 babet
481 1062 570 1128 dicta
580 1061 731 1129 Ecclesia
742 1069 862 1128 terram
878 1061 922 1126 ad
932 1061 961 1128 V
971 1069 1091 1146 aratra,
1104 1069 1137 1127 et
1146 1062 1260 1128 uillam
1269 1082 1366 1128 unam

248 1173 361 1239 eodem
377 1167 507 1236 nomine
522 1169 740 1253 nominatam,
758 1167 883 1234 scilicet
899 1167 1067 1253 Galanta).
1098 1169 1136 1234 In
1152 1168 1287 1254 predio,
1313 1169 1369 1235 vbi

249 1286 300 1348 est
314 1275 477 1365 palacium
492 1277 554 1342 hec
570 1283 645 1342 sunt
660 1277 791 1341 nomina
803 1275 1017 1360 jobagionum
1035 1275 1228 1358 liberorum,
1255 1284 1288 1343 et
1310 1275 1369 1341 ba-

250 1387 306 1452 bet
321 1385 492 1451 libertinos
517 1384 560 1449 ab
588 1381 701 1449 eodem
716 1381 749 1448 S.
767 1383 924 1464 magistro
941 1381 1099 1448 donatos:
1127 1381 1261 1474 Oovka,
1288 1379 1371 1467 Vud,

252 1493 307 1576 qui
322 1497 431 1576 preter
446 1491 599 1576 paruulos
615 1497 647 1556 et
662 1489 798 1581 iuuenes
814 1497 889 1555 suot
908 1488 986 1555 VIII
1011 1489 1219 1575 mansiones,
1245 1489 1301 1573 qui
1324 1495 1370 1555 te-

253 1607 371 1667 nentur
386 1597 430 1664 ad
446 1597 555 1664 omnia
570 1597 711 1663 seruicia
727 1596 916 1680 attributo,
934 1602 966 1662 ct
982 1602 1057 1661 sunt
1072 1615 1169 1682 pares
1185 1597 1372 1663 bominibus

253 1706 294 1772 de
309 1705 423 1790 Saiya.
439 1705 481 1770 Et
495 1705 600 1789 ipsum
616 1703 763 1790 predium
780 1709 897 1770 terram
914 1703 1015 1771 habet
1031 1703 1093 1770 ad.
1119 1753 1127 1770 .
1145 1711 1256 1770 aratra
1271 1711 1372 1771 meta·

252 1821 329 1898 tom,
346 1810 492 1878 cibabat
508 1809 570 1875 dno
586 1811 774 1878 molendina
790 1817 824 1875 ct
839 1811 912 1876 loca
922 1816 1002 1896 apta
1012 1809 1056 1878 ad
1066 1812 1161 1896 plura
1177 1812 1373 1879 molendina.

360 1919 398 1985 In
413 1919 527 2004 predio
544 1916 717 1983 Budruc
736 1917 797 1983 bec
813 1924 888 1983 sunt
903 1918 1034 1983 nomina
1049 1919 1267 2002 piscatorum:
1288 1920 1373 1986 Bud-

254 2047 321 2114 roe,
337 2027 436 2093 Hoke
452 2031 486 2090 et
500 2025 598 2090 ceteri
616 2043 686 2090 cum
703 2025 851 2108 cognatis
868 2031 899 2090 et
914 2023 999 2108 filiis,
1019 2025 1074 2108 qui
1089 2045 1162 2092 cum
1179 2045 1240 2092 soa
1255 2046 1374 2112 cogna-

256 2118 472 2220 cione'preter
487 2133 641 2219 paruulos
658 2139 691 2198 et
706 2133 843 2199 iuuenes
858 2139 933 2198 sunt
949 2132 1029 2200 VIII
1043 2135 1241 2200 mansiones.
1265 2135 1307 2199 Et
1322 2133 1378 2200 isti

256 2243 379 2312 babent
401 2249 522 2309 terram
546 2240 591 2306 ad
616 2287 675 2306 ...
700 2245 818 2307 aratra·
838 2237 921 2326 (cum
939 2241 1071 2308 villanis
1087 2241 1221 2328 Semtey
1237 2261 1378 2309 commn-

257 2374 332 2421 nem
347 2353 381 2417 in
397 2349 540 2436 pascuis,
557 2356 589 2414 et
604 2347 723 2415 ienetis
740 2355 773 2415 et
788 2349 989 2418 arundinetis
1011 2355 1119 2434 preter
1133 2351 1240 2442 iocum
1257 2349 1377 2437 stagni,

259 2459 344 2546 qood
360 2467 512 2542 stagnum
527 2463 662 2523 uocatur
686 2475 837 2539 magnum
863 2463 895 2523 et
919 2458 1050 2542 longum
1075 2460 1167 2524 iuxta
1182 2441 1377 2541 Danubium,

260 2577 294 2638 et
308 2569 410 2634 babet
424 2567 553 2633 alueum
568 2563 720 2632 fluentem
737 2567 779 2632 de
795 2565 945 2632 Danubio
959 2563 1046 2632 intus
1062 2571 1094 2632 et
1109 2573 1204 2650 retro,
1217 2567 1270 2649 qui
1287 2569 1379 2633 locus

261 2677 369 2762 stagni
393 2679 444 2740 est
468 2673 613 2741 totaliter
636 2672 784 2740 Ecclesia
801 2673 913 2740 Sancti
928 2653 1079 2758 Martini,
1107 2681 1139 2741 et
1162 2673 1380 2740 inundacione

136 2819 137 2822 ¹
262 2804 346 2869 aque
362 2789 395 2850 et
409 2780 566 2863 siccitate,
584 2779 639 2863 qui
653 2780 835 2863 piscatores
852 2778 975 2846 babent
992 2781 1102 2848 viuere
1119 2783 1330 2848 communiter
1339 2780 1381 2848 de

263 2891 415 2959 Danobio
428 2897 464 2957 et
479 2888 690 2971 arundineto,
706 2887 793 2972 quod
808 2887 956 2965 adiacet,
983 2885 1025 2954 de
1040 2889 1254 2966 arundinibus
1270 2896 1303 2957 et
1317 2889 1382 2955 vir·

262 3001 381 3087 gultis,
406 3005 440 3062 et
463 2995 587 3062 babent
611 3003 738 3061 terram
757 2996 913 3064 arabilem
938 2997 982 3064 ad
1006 2997 1122 3081 viginti
1139 2995 1167 3066 V
1182 2998 1297 3084 iugera
1311 2994 1382 3065 com

266 3107 414 3174 sessione
429 3101 515 3188 sua).
1115 3109 1118 3116 '

371 3208 1382 3299 Inprediolienesnabeo-suntnominaJobagionumeque-

264 3325 377 3394 strium
412 3321 628 3389 seruiencinm
665 3341 738 3387 cum
764 3319 856 3402 equis
880 3319 969 3387 suis:
997 3321 1124 3406 Turdo,
1150 3321 1326 3408 Mathyas,
1353 3328 1386 3388 et

265 3435 345 3518 Kec,
362 3430 416 3515 qui
432 3450 503 3497 oum
520 3431 584 3498 sua
597 3430 800 3517 cognacione
815 3435 926 3514 preter
941 3429 1095 3515 paruulos
1111 3436 1144 3495 et
1159 3429 1294 3497 iuuenes
1311 3434 1385 3496 sunt

265 3543 300 3608 X
316 3537 514 3620 mansiones,
532 3541 588 3621 qui
602 3545 753 3605 tenentur
769 3535 813 3604 ad
828 3537 945 3604 eadem
960 3537 1101 3604 seruicia
1116 3557 1188 3605 com
1199 3521 1387 3624 jobagioni·

268 3649 329 3712 bos
354 3642 394 3710 de
419 3645 561 3736 Hymod.
586 3646 625 3710 In
641 3645 755 3713 eodem
771 3646 886 3730 predio
901 3645 962 3713 hec
979 3652 1054 3712 sunt
1070 3647 1201 3712 nomina
1215 3646 1388 3714 cnrriiero·

268 3773 357 3819 rum:
374 3749 525 3835 Monkac,
541 3751 640 3838 Lede,
651 3752 778 3835 Egude,
789 3752 876 3838 Kud,
893 3754 948 3837 qui
962 3761 1114 3821 tenentur
1129 3757 1262 3840 portare
1277 3755 1387 3840 pisces

270 3857 314 3926 ad
337 3857 569 3924 monasterium
586 3852 776 3944 inpropriis
792 3857 936 3926 curribus
952 3865 986 3926 et
1001 3859 1156 3946 expensis
1168 3863 1226 3930 uel
1241 3881 1301 3948 pro
1317 3879 1389 3946 pre·

270 3967 320 4032 cio
336 3965 430 4032 unius
446 3983 559 4030 currus
576 3969 725 4033 tenentur
740 3965 869 4032 soluere
887 3985 983 4033 unum
1010 3968 1177 4035 fertonem.
1208 3969 1247 4034 In
1273 3967 1388 4034 eodem

270 4075 383 4162 predio
400 4075 461 4140 hec
477 4079 553 4140 sunt
568 4075 700 4142 nomina
713 4073 933 4160 piscatorum:
959 4075 1068 4162 Tabe,
1093 4079 1210 4144 Petrus
1220 4128 1229 4162 ,
1256 4073 1390 4158 Buhtoa,
1408 4099 1410 4103 ¹

272 4185 328 4266 qui
352 4201 423 4249 cnm
450 4199 511 4248 sua
535 4169 735 4264 cognacione
760 4188 871 4266 preter
893 4183 1047 4268 paruulos
1063 4189 1095 4250 et
1110 4184 1247 4249 iuuenes
1267 4187 1342 4250 sunt
1356 4180 1390 4247 X

272 4290 466 4376 mansiones,
483 4296 516 4355 et
530 4295 641 4375 preter
657 4289 798 4356 officium
813 4289 964 4375 piscandi
973 4289 1140 4357 annuatim
1149 4293 1302 4358 tenentur
1311 4285 1391 4354 dare

273 4398 468 4464 monasterio
486 4417 545 4465 sex
563 4396 663 4466 boues
680 4397 848 4465 triherbes.
880 4399 917 4464 In
942 4401 1057 4466 eodem
1080 4397 1198 4483 predio
1224 4403 1301 4463 sunt
1323 4401 1391 4461 tres

273 4506 460 4572 mansiones
485 4506 707 4591 exequaliom,
735 4523 868 4590 qnorum
892 4507 1024 4572 nomina
1040 4511 1115 4571 sunt
1129 4503 1209 4571 bec:
1236 4501 1389 4590 Bynsiua,

273 4611 397 4700 Nerio,
413 4613 524 4699 Pntus,
540 4614 597 4699 qui
613 4615 779 4682 annuatim
795 4618 943 4682 tenentur
958 4613 1038 4681 dare
1052 4613 1087 4679 io
1104 4611 1188 4680 sesto
1203 4609 1317 4680 Sancti
1332 4605 1392 4675 bii·
