3140 5044
783 269 924 370 gro

301 465 461 531 existente
490 465 607 531 comes
622 463 792 530 Achilleus
811 465 943 530 illesum
953 469 1099 530 nostrum
1110 463 1280 531 confinium
1300 485 1431 542 conset.

300 572 401 664 uadit.
419 571 461 636 Et
478 590 549 637 cum
562 570 608 637 'de
623 571 794 638 maritimis
822 572 1009 655 redeuntes,
1027 569 1157 656 prefato
1172 571 1291 638 (losma
1303 573 1432 649 Comite

299 677 334 744 in
366 679 559 765 captiuitatc
584 678 746 745 existente
786 687 901 746 contra
931 679 1056 745 Ducem
1081 679 1212 745 Austrie
1252 686 1432 756 exercitum

298 787 535 868 mouissemns,
560 785 647 852 idem
678 785 847 854 Achilleus
863 789 1008 870 Regnum
1039 787 1171 854 Austris
1194 806 1297 872 vsque
1323 793 1432 879 Vyen-

299 915 376 960 nam
391 915 413 960 a
435 894 576 961 Posonio
604 913 663 978 pro
687 892 845 962 fidelitate
870 895 966 962 nobis
991 893 1105 959 debita
1120 893 1224 962 deuas
1240 899 1332 964 teuit.
1359 901 1433 969 Hec

298 1003 396 1086 igitur
405 1009 438 1068 et
453 1001 522 1067 alia
537 1000 681 1086 ipsorum
706 1001 846 1068 seruicia
861 1003 1062 1085 recolentes,
1098 1022 1160 1084 que
1185 1003 1316 1089 longum
1341 1016 1432 1074 esset

298 1125 359 1194 per
373 1109 505 1192 singula
525 1128 699 1192 enarrare,
732 1108 852 1175 dictam
867 1116 991 1176 terram
1022 1109 1124 1175 Bozin
1139 1110 1221 1195 ipsis
1253 1113 1370 1180 Oosme
1397 1123 1430 1182 et

299 1214 450 1283 Achilleo
475 1213 656 1282 (lomitibus
678 1221 712 1280 et
736 1214 910 1283 heredibus
941 1217 1085 1301 ipsorum
1110 1216 1328 1302 heredumque
1352 1241 1428 1290 sno·

299 1343 370 1392 rum
403 1323 650 1392 successoribus
679 1323 860 1392 dimisimus
899 1329 1057 1410 perpetuo
1088 1324 1224 1409 pacifice
1254 1330 1426 1412 possiden·

300 1429 397 1514 dam,
422 1431 507 1497 sieut
530 1437 625 1516 pater
649 1429 790 1514 ipsorum
815 1429 995 1498 dinoscitur
1011 1433 1186 1498 tenuissse.
1215 1433 1302 1501 liele
1318 1441 1428 1502 autem

299 1538 444 1606 eiusdem
476 1545 582 1624 terre,
613 1539 695 1606 sicut
720 1559 779 1625 per
814 1540 939 1608 litteras
972 1539 1171 1606 venerabilis
1196 1543 1301 1626 patris
1334 1544 1427 1608 Win-

300 1646 404 1732 cencij
436 1647 592 1732 Episcopi
632 1647 828 1731 Nitriensls,
870 1647 960 1714 cuius
995 1647 1202 1730 inquisitioni
1232 1649 1427 1732 qualitatem

299 1761 333 1820 et
346 1755 565 1838 quantitatem
589 1773 629 1820 ao
643 1763 753 1822 metas
770 1755 918 1824 eiusdem
936 1756 1215 1840 commiseramus,
1233 1756 1328 1823 nobis
1344 1777 1424 1822 oon-

297 1863 397 1948 stitit,
421 1863 532 1930 taliter
541 1863 797 1948 distinguuntur:
815 1865 923 1930 Prima
940 1871 1028 1931 meta
1044 1863 1159 1950 incipit
1175 1885 1196 1930 a
1212 1871 1307 1948 parte
1331 1865 1424 1930 meri-

298 1970 436 2055 dionali,
451 1971 516 2036 'ubi
532 1979 583 2037 est
608 1977 706 2054 caput
726 1972 843 2054 riuuli‚
868 1971 992 2038 Balase
1008 1972 1136 2047 vocati3
1168 1969 1244 2036 inde
1260 1969 1364 2036 tendit
1380 1969 1424 2035 ad

299 2077 432 2143 fluuium
448 2077 583 2144 Hilinuk
598 2084 767 2162 vocatum;
786 2072 909 2145 tansito
926 2085 1036 2145 autem
1057 2078 1194 2144 Hilinuk
1216 2077 1365 2163 procedit
1381 2075 1425 2142 ad

298 2185 463 2266 quandam
474 2186 571 2270 viam,
583 2205 646 2268 que
656 2185 773 2252 diuidit
784 2194 903 2252 terram
915 2187 993 2252 ville
1002 2187 1073 2270 Nyr
1088 2185 1302 2252 castrensium
1314 2185 1423 2251 (lustri

297 2293 514 2378 Posoniensis,
528 2293 567 2359 de
577 2311 643 2376 qua
652 2295 860 2379 progreditur
870 2296 914 2360 ad
923 2292 1054 2361 fluuium
1066 2293 1218 2375 Biztrich,
1237 2299 1270 2358 et
1285 2293 1332 2358 ibi
1348 2299 1423 2356 sunt

298 2400 649 2482 commetaneiapartc
663 2401 859 2467 occidentali
868 2401 927 2486 filij
945 2399 1081 2467 comitis
1099 2399 1211 2464 Baoha
1223 2399 1421 2483 jobagiones

299 2503 406 2572 Oastri
417 2506 644 2590 Posonicnsis3
667 2509 841 2592 peripsum
852 2529 930 2575 vero
941 2507 1082 2574 Biztrich
1099 2508 1189 2580 vadit
1206 2509 1352 2591 saperius
1369 2527 1422 2572 us-

299 2631 362 2696 que
379 2613 423 2679 ad
439 2611 564 2697 locum,
589 2615 645 2680 vbi
662 2613 850 2681 diuiduntur
875 2617 907 2681 in
925 2617 1007 2682 duas
1032 2621 1153 2699 partes,
1180 2635 1239 2699 per
1255 2613 1420 2680 sinistram

298 2741 376 2788 vero
392 2726 519 2806 partem
544 2721 636 2788 vadit
660 2723 809 2806 superius
835 2742 937 2805 usque
954 2723 997 2787 ad
1014 2729 1114 2808 caput
1131 2722 1210 2787 dicti
1237 2721 1332 2788 riuuli
1348 2707 1421 2786 Bia·

298 2829 389 2912 trich,
415 2835 448 2895 et
463 2829 508 2896 ibi
524 2836 614 2895 tenet
630 2837 752 2896 metam
770 2849 842 2895 oum
853 2831 933 2897 villa
944 2829 1110 2914 hospitum
1123 2827 1230 2895 Oastri
1247 2829 1421 2894 Posonien-

297 2937 344 3003 sis
357 2937 487 3001 nomine
502 2935 653 3022 Jablam;
678 2937 842 3004 transiens
854 2943 963 3003 autem
975 2939 1062 3004 viam
1078 2937 1160 3003 ville
1176 2937 1316 3024 Jablcm
1333 2936 1421 3000 venit

296 3041 338 3108 ad
357 3042 444 3138 viam
460 3043 577 3127 Mynle‚
594 3045 649 3111 vbi
666 3045 873 3127 contignatur
888 3045 967 3111 ville
978 3045 1163 3127 nominate;
1189 3042 1266 3108 inde
1282 3042 1419 3108 reclinat

297 3169 410 3218 versus
426 3153 689 3236 septemtrionem
706 3153 870 3220 tendendo
892 3173 1027 3238 paruum
1045 3153 1197 3238 superius
1236 3171 1294 3234 per
1320 3169 1418 3233 quan-

297 3259 374 3324 dam
390 3259 474 3324 viam
491 3261 580 3325 venit
605 3261 648 3326 ad
664 3267 784 3326 metam
801 3261 956 3344 ligneam,
974 3263 1014 3354 de
1031 3277 1097 3342 qua
1112 3258 1286 3323 descendit
1302 3257 1346 3322 ad
1365 3277 1416 3321 ca·

296 3373 355 3452 put
369 3367 468 3433 riuuli
492 3365 667 3431 Luchnuoh
693 3368 832 3448 nomine,
858 3375 890 3432 et
907 3373 958 3432 est
979 3365 1221 3433 conterminalis
1250 3383 1322 3429 eum
1340 3363 1417 3428 villa

299 3473 465 3541 Ohulraria
479 3473 619 3540 tiliorum
635 3475 771 3540 Ghnkar
784 3473 976 3558 jobagionis
1003 3473 1112 3540 Casiri
1140 3473 1353 3539 Posoniensis
1364 3521 1373 3554 ,
1398 3489 1418 3533 a

300 3588 391 3666 parto
404 3581 564 3666 orientali,
575 3588 608 3647 et
617 3583 709 3648 iuxta
720 3589 839 3648 terram
852 3581 990 3648 filiorum
1001 3581 1135 3647 (lhukar
1146 3581 1239 3646 vadit
1249 3578 1293 3643 ad
1307 3579 1418 3644 villam

298 3686 422 3773 Modur,
440 3688 496 3753 vbi
512 3681 761 3771 suirthomines‚
789 3689 843 3772 qui
868 3688 956 3756 dicto
972 3689 1089 3755 Castro
1114 3691 1255 3772 quinque
1272 3685 1418 3771 pondera

298 3795 425 3862 soluere
440 3801 609 3880 tenentnr;
638 3802 670 3861 et
686 3797 769 3861 inter
786 3797 877 3878 ipsas
894 3795 990 3862 villas
1016 3805 1096 3862 sunt
1115 3797 1214 3860 multe
1229 3801 1315 3859 mete
1331 3799 1417 3858 vcta-

298 3919 350 3966 res
366 3907 400 3966 et
416 3903 559 3986 antique,
576 3909 608 3969 et
619 3903 706 3968 dicta
722 3911 811 3968 terra
827 3903 942 3969 Modus
963 3893 1068 3972 eidem
1084 3911 1168 3968 terre
1183 3901 1285 3967 Bouiu
1303 3901 1335 3963 in
1352 3921 1416 3964 mo-

298 4010 371 4076 dico
388 4009 610 4095 contignatur5
634 4010 710 4076 inde
726 4031 803 4078 vero
821 4012 970 4097 peruenit
985 4012 1027 4077 ad
1045 4018 1166 4076 metam
1182 4010 1261 4076 ville
1278 4007 1416 4073 Chanuk

293 4117 484 4205 jobagionis
500 4115 606 4185 castri
622 4119 841 4203 Posoniensis‚
859 4119 899 4186 de
918 4139 983 4202 qua
998 4119 1211 4205 progrediens
1222 4135 1334 4183 versus
1351 4133 1415 4178 me-

247 4259 250 4264 ·
298 4225 414 4294 ridiem
430 4225 521 4293 vadit
545 4245 603 4311 per
626 4235 732 4293 metas
758 4228 878 4293 multas
895 4233 927 4292 et
942 4227 1097 4309 antiquas
1124 4224 1287 4307 usquead
1304 4223 1414 4290 villam

298 4333 472 4417 Susullan,
499 4334 555 4400 vbi
581 4341 655 4401 sunt
679 4336 783 4401 eciam
805 4334 1001 4419 jobagiones
1026 4333 1166 4418 predicti
1186 4332 1313 4416 (lustri5
1337 4327 1413 4394 inde

298 4439 513 4525 progrediens
529 4439 621 4508 vadit
636 4441 681 4506 ad
705 4459 829 4526 nemus,
853 4443 908 4508 vbi
924 4447 974 4508 est
996 4447 1082 4507 meta
1098 4436 1158 4508 sub
1175 4439 1293 4507 arbore
1309 4435 1414 4518 ilicis;

301 4549 437 4614 transito
453 4555 560 4614 autem
592 4567 723 4615 nemore
741 4548 829 4614 venit
844 4551 888 4615 ad
904 4549 1072 4631 quandam
1096 4551 1193 4633 viam,
1211 4551 1301 4614 iuxta
1317 4565 1413 4627 quam
