3184 5064
312 1153 416 1219 Dece
430 1150 570 1217 eaolnoicc'
591 1153 622 1215 ea
636 1149 775 1236 bokouyi
792 1147 928 1236 siiiapric
944 1150 1123 1237 biaoayitjo,
1149 1149 1227 1236 boqy
1248 1173 1270 1214 a
1293 1169 1443 1232 pannon·

311 1259 409 1325 tebni
423 1261 557 1348 apotecis
579 1259 610 1322 ὡ
631 1281 653 1322 a
677 1255 858 1345 Oborqiboc
887 1256 964 1321 labo
977 1257 1114 1344 bokonyi
1140 1255 1443 1323 ostemationem

316 1365 424 1453 Venyc
438 1364 562 1452 helyseo
584 1367 725 1431 botorait
747 1364 844 1430 tueto-
857 1363 1086 1454 ooyenetlemeq
1102 1365 1285 1451 ὂανάιεάφοε
1299 1367 1379 1428 atton
1396 1359 1440 1428 ci-

718 1474 895 1538 iutiztetett.
920 1473 1018 1537 1258.
1327 1505 1335 1512 ·

415 1667 594 1756 Dyonisins
612 1671 730 1740 eomes
755 1672 797 1739 de
816 1669 954 1736 Zounuk
985 1675 1032 1735 ete
1049 1669 1092 1736 de
1123 1667 1239 1735 Bokon
1271 1666 1440 1734 uniuersis

308 1795 445 1868 presens
455 1777 612 1860 scriptum
623 1779 822 1864 inspecturis
837 1780 978 1848 salutem
994 1775 1173 1844 iuDomino
1189 1774 1441 1862 sempiternam.

306 1889 393 1968 Quia
408 1887 562 1955 uidelicet
578 1887 719 1971 quedam
735 1886 901 1972 penalitas
925 1884 1129 1952 ineuitabilis
1154 1883 1293 1952 humane
1318 1891 1438 1948 nature

308 1996 516 2076 dominatur,.
533 1993 655 2061 abhinc
680 1993 808 2060 censuit
832 1993 1044 2060 discretorum
1071 1991 1257 2076 prudentia,
1277 2009 1333 2056 nes
1348 1991 1439 2058 bene

306 2109 428 2189 gestas.
446 2102 578 2188 scriptis
608 2099 787 2184 mandare,
819 2109 855 2168 vt
885 2099 974 2188 apud
1005 2107 1154 2184 posteros
1181 2101 1279 2167 robur
1297 2099 1437 2166 valeant

306 2212 465 2281 obtinere.
490 2212 575 2277 Hinc
591 2217 662 2292 est,
679 2209 767 2294 quod
783 2207 827 2275 ad
842 2210 1070 2277 uniuersorum
1079 2207 1236 2276 noticiam
1250 2205 1367 2272 barum
1384 2225 1437 2272 se-

304 2319 353 2386 rie
369 2318 518 2388 volumus
533 2317 725 2403 peruenir03
743 2317 831 2400 quod
848 2335 918 2384 eum
936 2337 1047 2404 eausa,
1068 2336 1133 2401 que
1148 2316 1334 2383 vertebatur
1349 2314 1438 2380 inter

305 2424 528 2493 uenerabilem
545 2432 672 2511 patrem
694 2423 823 2490 Fanum
848 2424 1010 2492 Abbatem
1035 2431 1068 2492 et
1092 2423 1295 2492 Conuentum
1320 2421 1437 2487 bione-

305 2532 397 2602 sterii
421 2531 536 2599 Sancti
560 2533 692 2599 Martini
716 2535 758 2601 de
774 2533 877 2600 Sacro
903 2533 1013 2600 Monte
1037 2531 1203 2600 Pannonis
1233 2549 1330 2616 super
1345 2537 1437 2597 terra

303 2640 495 2729 populorum
511 2659 642 2708 suorum
655 2640 698 2708 de
713 2640 794 2706 villa
810 2641 925 2726 Venyu
936 2619 1180 2708 subter’Bolrou
1196 2655 1312 2705 exvna
1326 2645 1435 2724 parte,

304 2756 338 2817 et
352 2749 505 2818 custodes
522 2749 607 2816 silue
623 2747 740 2817 Bokon
755 2748 797 2814 de
813 2747 894 2815 uilia
911 2749 1033 2835 Cburgi
1050 2770 1091 2817 ex
1115 2749 1223 2815 altera
1246 2745 1357 2812 multis
1386 2747 1435 2811 ai-

303 2857 542 2928 tereacionibus
557 2857 674 2925 inisset
690 2877 800 2938 coram
817 2857 949 2924 domino
965 2859 1056 2942 Rege
1072 2857 1264 2939 ventiliata‚
1292 2872 1436 2936 cumque

302 2985 364 3034 nee
373 2972 564 3052 parceretur
573 2964 755 3044 laboribus,
766 2971 799 3032 et
816 2965 970 3052 expensis
985 2965 1052 3032 iam
1062 2971 1287 3050 gravaremus
1297 2961 1435 3028 tandem

301 3073 414 3143 Iudice
439 3071 535 3140 Ourie
559 3072 663 3158 Regio
688 3071 919 3141 consenciente
945 3091 1062 3160 pacem
1088 3073 1173 3140 inter
1197 3091 1234 3141 se
1249 3069 1436 3138 reformare

301 3181 493 3253 studuerunt
508 3186 619 3269 partes
635 3183 700 3248 iam
716 3181 812 3248 dicte.
837 3181 902 3249 Sed
919 3181 994 3247 dum
1017 3181 1091 3266 ipsa
1115 3181 1206 3266 pacis
1222 3178 1434 3262 reiormaeio,

303 3290 369 3359 nisi
385 3285 482 3360 uobis
505 3289 736 3375 mediantibus,
769 3289 914 3372 uigorem
945 3290 1067 3359 nulium
1093 3289 1166 3355 uisa
1190 3289 1307 3355 fuisset
1330 3307 1435 3374 posse

303 3398 469 3484 obtinere,
496 3415 535 3464 eo
552 3395 640 3481 quod
665 3395 818 3468 custodes
843 3397 927 3464 silue
954 3416 1055 3482 supra
1071 3396 1177 3465 notati
1193 3415 1234 3461 ex
1250 3396 1355 3480 Regia
1375 3395 1435 3460 do

300 3507 441 3573 nacione
457 3511 568 3574 nostre
583 3507 739 3591 potestati
764 3504 1022 3592 subiicereutur,
1046 3505 1192 3572 misimus
1217 3503 1290 3572 uice
1316 3509 1436 3571 nostra

300 3614 436 3683 Saulum
452 3611 613 3680 Comitem
630 3615 672 3683 de
688 3613 803 3682 Bokon
819 3613 1020 3702 fidediguum
1037 3613 1080 3680 de
1103 3632 1224 3699 genere
1249 3611 1434 3698 Peukenw,

300 3721 356 3806 qui
370 3723 574 3807 postmodum
589 3741 687 3810 super
701 3723 788 3791 serie
803 3722 896 3809 pacis
912 3724 1090 3792 reformate
1104 3719 1230 3790 remisit
1253 3721 1350 3789 uobis
1378 3721 1435 3788 lit·

301 3837 392 3900 teras
408 3831 686 3899 suasauteutioas
703 3833 908 3901 continentes
923 3833 1007 3899 bano
1022 3831 1171 3898 sormam.

407 3954 585 4024 Metuendo
596 3956 727 4025 domino
743 3977 802 4025 suo
819 3955 980 4045 Dyouisio
997 3957 1115 4028 comiti
1130 3956 1172 4024 de
1188 3954 1326 4026 Zenouk
1342 3955 1434 4025 etde

300 4061 418 4135 Bokon
434 4063 691 4132 incolumitatem
704 4085 778 4133 cum
795 4066 884 4134 fideli
899 4066 1051 4158 seruitio.
1075 4065 1160 4146 Quia
1185 4064 1431 4136 dominacionis

298 4179 408 4242 vestre
422 4169 589 4239 mandatis
603 4191 663 4257 pro
678 4173 803 4242 uiribus
819 4181 955 4260 paratus
982 4195 1055 4246 sum
1072 4176 1309 4260 obtemperare,
1326 4191 1430 4240 noue·

301 4279 383 4368 ritis,
398 4299 451 4348 me
465 4279 652 4349 necessisse
667 4301 767 4369 super
788 4281 907 4350 iaoiem
922 4290 1011 4351 terre
1027 4284 1145 4369 Venyu
1169 4283 1282 4351 subter
1307 4281 1432 4353 Bokou

299 4388 450 4458 Ecclesie
465 4387 561 4456 Beati
575 4389 709 4457 Martini
725 4390 768 4460 de
784 4391 886 4460 Sacro
901 4392 1011 4460 Monte
1026 4391 1196 4462 Pannonis
1205 4442 1215 4478 ‚
1245 4409 1342 4479 super
1358 4408 1431 4474 qua

299 4496 470 4565 contencio
485 4495 571 4566 inter
587 4497 710 4566 dictam
726 4497 910 4569 Ecclesiam
926 4506 958 4568 et
974 4501 1127 4570 custodes
1143 4499 1226 4568 silue
1251 4499 1367 4568 Bokon
1385 4497 1430 4566 de

297 4603 380 4674 uilla
404 4603 526 4690 Ohurgi
551 4604 668 4674 baberi
693 4605 885 4693 uidebatur,
910 4613 945 4678 et
958 4607 1146 4679 conuocatis
1162 4607 1241 4679 illuc
1262 4607 1429 4678 uniuersis
