3220 5058
237 963 295 1029 tlt.
312 961 445 1050 Gerpslp
455 965 548 1049 pepe
563 963 613 1028 ket
628 965 811 1050 meptdrltott
826 965 914 1030 aeide
926 965 1064 1030 &debeat
1073 962 1284 1053 pdrtfopolju.

717 1072 814 1136 1236.

308 1249 485 1336 Gregorius
504 1249 688 1337 Episeopus
704 1268 820 1317 seruus
837 1269 1004 1318 seruorum
1023 1251 1086 1318 Dei
1101 1249 1234 1318 dileetis
1249 1249 1324 1316 tiliis

202 1401 211 1420 .
229 1406 236 1421 .
253 1405 261 1421 .
281 1357 417 1442 majoris
436 1356 584 1424 Eoolesie
601 1364 635 1423 et
652 1405 657 1418 .
675 1403 683 1420 .
702 1407 708 1421 .
727 1355 841 1425 Saneti
856 1356 980 1426 Thome
996 1357 1229 1443 strigoniensis
1245 1359 1323 1426 Pre-

200 1464 338 1551 positis,
365 1465 504 1530 salutem
529 1469 562 1528 et
586 1463 811 1549 Apostolieam
834 1465 1109 1532 benedictionem.'
1137 1465 1205 1532 Sue
1229 1465 1324 1534 nobis

83 1591 87 1601 ·
200 1569 415 1654 Hemoniae,
442 1576 476 1635 et
506 1570 681 1636 Aneelmus
694 1570 774 1636 laioi
787 1571 951 1654 petioione
966 1577 1204 1654 monstrarunt,
1228 1573 1325 1659 qnod,

99 1738 106 1752 ,
203 1696 276 1744 enm
301 1674 350 1743 eis
373 1674 415 1744 de
439 1673 579 1744 ludniee
602 1675 777 1758 prauitatis
801 1695 908 1744 errore
924 1677 1077 1746 ad‘tidem
1093 1681 1260 1746 conuersis
1276 1700 1324 1747 or-

205 1783 382 1852 thodoxam
398 1781 534 1851 dilectus
550 1782 636 1851 filius
653 1830 660 1847 .
679 1831 686 1848 .
704 1830 713 1848 .
732 1782 848 1850 Abbss
873 1783 986 1851 Sanoti
1011 1783 1144 1852 Martini
1158 1785 1200 1852 de
1210 1785 1326 1858 ‚Monte

204 1892 373 1962 Pannonis
389 1891 423 1958 in
439 1893 578 1976 quadam
594 1890 732 1978 pecunie
748 1911 877 1958 summa
886 1943 896 1978 ,
918 1900 952 1959 et
966 1891 1063 1970 rebus
1074 1892 1151 1986 aliis
1168 1895 1325 1980 promise·

201 2001 253 2085 rit,
270 2000 379 2085 quoed
394 1999 534 2068 vixerint
543 2051 553 2088 ,
569 2001 664 2068 annis
681 2000 822 2086 siugulis
838 2001 1031 2086 prouidere,
1050 2009 1144 2096 prout
1159 2001 1193 2069 in
1208 2002 1326 2069 litteris

201 2109 271 2176 suis
287 2107 515 2195 perspeximus
531 2109 710 2193 eontineri,
727 2109 800 2194 ipso
813 2109 850 2175 id
864 2107 996 2176 eltieere
1013 2110 1199 2196 denegenit.
1232 2109 1327 2178 Vnde

201 2217 308 2285 eidem
324 2216 446 2283 Abbati
461 2217 582 2284 nostris
597 2216 714 2286 damus
730 2218 848 2284 litteris
864 2219 896 2288 in
913 2217 1095 2303 mandatis,
1119 2224 1155 2285 ut
1171 2220 1270 2288 dietis
1285 2217 1324 2286 N.

110 2339 113 2348 ·
201 2331 234 2392 et
248 2325 288 2392 A.
305 2324 398 2392 iuxta
413 2325 664 2410 promissionem
681 2343 773 2392 suam
800 2324 849 2390 sio
872 2323 1054 2392 liberaliter
1068 2327 1200 2392 studeat
1216 2327 1323 2410 proui-

202 2433 299 2516 dere,
315 2431 403 2515 quod
419 2450 476 2498 eos
491 2431 535 2498 ed
547 2431 644 2498 iidem
661 2429 868 2500 catholicam
885 2452 951 2498 non
967 2432 1115 2518 peniteat
1130 2435 1327 2519 secessisse,

202 2546 236 2606 et
249 2559 312 2608 nos
329 2537 534 2608 deustionem
552 2559 644 2607 susm
660 2537 840 2607 debeamus
851 2541 966 2609 merito
978 2539 1204 2610 commendere
1228 2539 1325 2610 Ideo

202 2669 272 2736 que·
282 2646 474 2716 discretioni
488 2653 597 2714 uestre
612 2667 671 2733 per
679 2649 872 2734 Apostolioa
888 2649 1010 2734 seripta
1025 2649 1228 2732 mandamus,
1247 2667 1326 2732 que·

202 2764 297 2823 tenus
323 2756 350 2820 si
376 2754 482 2821 dietus
508 2755 622 2822 Abbas
647 2753 836 2824 mandatum
860 2762 1004 2824 nostrum
1028 2756 1210 2841 neglexerit
1224 2754 1326 2822 adim-

202 2865 303 2950 plere,
320 2881 379 2931 vos
396 2871 469 2928 edm
485 2860 581 2929 adid
595 2862 772 2931 monitione
787 2865 950 2950 premissa
966 2883 1025 2951 per
1040 2883 1211 2931 sensuram
1223 2865 1327 2930 eoele-

202 2972 370 3039 siastieam
386 2969 612 3058 appellatione
629 2978 764 3054 remota,
774 2973 892 3058 prenia
907 2973 1036 3040 ratione
1052 2972 1187 3058 cogetis.
1203 2971 1326 3038 Datum

203 3078 332 3147 Pernsii
348 3079 417 3146 VII.
433 3077 515 3145 Idus
531 3077 624 3164 Maji,
641 3077 850 3146 Poutitieatus
866 3080 969 3148 nostri
984 3101 1071 3148 enno
1087 3097 1182 3146 nono.

309 3211 419 3324 deppsst.
439 3218 612 3310 ttriteezen
624 3253 730 3310 idttben
742 3273 760 3311 a
772 3253 977 3327 pannonhslxni
999 3251 1121 3326 spdtsdg
1141 3246 1327 3321 bormtnpnsl·

203 3341 249 3399 sit
263 3360 328 3399 nem
340 3343 460 3399 kezelte.

555 3503 614 3574 (Ax
634 3503 744 3560 medeti
762 3500 840 3558 utin.
861 3503 968 3572 euos).
