3220 5058
821 253 867 324 48

767 341 924 354 ’.ι-ι...

284 449 373 536 quod
387 449 493 518 Deum
508 447 627 518 exinde
642 449 817 536 propitium
843 447 907 518 sibi
932 455 1057 518 sumni
1081 465 1145 516 uon
1169 447 1346 532 offensum,
1372 459 1406 516 et

283 574 344 624 nos
358 557 556 628 sinceritatis
571 576 632 626 sou
648 557 753 626 selum
770 556 935 644 possimus
950 558 986 624 in
1000 553 1141 624 Domino
1152 556 1407 626 sommendare:

283 665 313 732 si
328 684 407 734 roro
424 670 536 733 eontra
552 665 817 752 compositionem
834 663 1015 753 predietsm
1031 665 1111 732 iuris
1136 665 1262 752 aliquid
1286 685 1323 736 se
1348 663 1406 732 ba·

285 773 366 841 bere
389 771 541 859 oonbdit,
566 773 686 860 poterit
710 793 821 842 eoram
844 773 939 842 nobis
955 793 1015 862 per
1028 781 1254 860 promotores
1270 775 1407 844 idoneos

287 881 420 966 assequi
435 880 557 950 iustitie
572 884 852 970 complementum.
877 882 1023 966 Ideoque
1037 883 1071 950 in
1087 884 1206 951 virtute
1221 883 1408 952 obedientie

287 988 435 1058 districte
450 989 661 1082 preeipieudo
676 990 890 1074 mandamus,
907 997 1068 1074 quatenus
1084 991 1115 1056 si
1129 991 1233 1058 dietus
1248 989 1320 1058 Rex
1334 1007 1407 1078 pre·

287 1115 343 1164 ees
358 1105 489 1165 nostras
505 1119 568 1166 nou
584 1097 815 1188 adimpleverit
829 1099 863 1166 iu
880 1097 944 1165 hae
959 1105 1056 1183 perte
1064 1147 1074 1182 ,
1100 1097 1268 1188 premissis
1288 1116 1407 1184 exoep

286 1205 427 1274 tionibus
443 1208 486 1272 ab
503 1225 542 1275 eo
556 1207 734 1294 propositis
750 1214 783 1274 et
798 1207 874 1274 ullis
889 1206 1016 1274 frivolis
1026 1227 1091 1274 non
1101 1207 1317 1291 obstantibus,
1334 1225 1407 1272 oum

287 1333 352 1382 non
369 1317 412 1383 sit
427 1313 638 1388 deferendum
653 1315 775 1384 homini
791 1323 906 1385 eontra
931 1317 1056 1403 Deum,
1082 1317 1157 1386 loos
1182 1316 1227 1382 ad
1251 1335 1313 1400 que
1336 1316 1409 1401 ipse

290 1422 460 1510 devenerit
483 1423 673 1508 supponatis
697 1423 924 1492 eeclesiastico
950 1423 1121 1492 interdicto
1147 1423 1272 1490 tamdiu
1299 1423 1409 1490 obser-

290 1532 419 1609 vando,
436 1531 588 1616 quamdiu
604 1533 649 1598 ibi
664 1533 762 1600 fuerit
770 1557 779 1622 ς
807 1535 913 1604 donee
928 1535 978 1602 eis
993 1535 1146 1602 universa
1161 1532 1346 1603 huiusmodi
1360 1551 1411 1599 re

291 1642 464 1708 stituantur
480 1641 592 1708 ablata
608 1641 697 1710 etde
712 1642 866 1732 dampnis
882 1651 915 1712 et
930 1643 1057 1712 iniuriis
1073 1642 1172 1710 luerit
1186 1659 1328 1727 eongrue
1352 1659 1412 1706 sa-

289 1749 464 1818 tisfactum.
496 1749 688 1818 Deteutores
713 1769 842 1834 quoque
867 1770 907 1818 ao
930 1751 1102 1820 invasores
1126 1748 1344 1836 predictarum
1360 1768 1411 1814 re·

290 1879 363 1926 rum
373 1909 383 1944 ,
408 1859 535 1926 balivos
555 1859 672 1944 etiam,
697 1859 847 1926 subditos
863 1867 896 1926 et
911 1859 1116 1930 eonsiliarios
1132 1859 1250 1944 Regis,
1278 1877 1412 1940 quorum

290 1987 352 2053 ope
368 1973 401 2032 et
416 1965 552 2032 oonsilio
567 1965 680 2033 ablata
696 1966 844 2034 Eoolesie
860 1965 1061 2050 detinentur,
1088 1985 1191 2050 nsque
1214 1965 1260 2032 sd
1282 1965 1411 2032 restitu-

290 2074 413 2141 tionem
437 2073 598 2156 iutegram
624 2073 800 2141 eorundem
816 2075 1038 2162 appellatione
1053 2081 1181 2142 remota
1195 2071 1413 2142 exeommuni-

291 2179 429 2248 oationis
446 2181 572 2249 vinculo
588 2182 761 2251 innodetis.
785 2183 880 2262 Quod
895 2185 925 2254 si
939 2203 1005 2250 non
1021 2204 1153 2266 omnes,
1168 2187 1202 2248 tu
1217 2180 1318 2250 trater
1333 2179 1413 2264 Epi-

291 2304 412 2374 seopus
429 2295 490 2356 ete.
521 2291 643 2358 Datum
659 2289 762 2358 Reate
777 2291 836 2358 ΠΙ.
853 2291 920 2358 lral.
937 2292 1096 2378 Augusti,
1114 2287 1340 2376 (Pontideatus
1355 2307 1414 2354 uo

293 2395 367 2482 atri)
384 2416 470 2464 auno
486 2395 622 2466 deeimo.

391 2660 454 2734 (lx.
470 2659 596 2736 Gergely
609 2661 687 2736 pdpa
698 2663 885 2736 Begestdibdl
898 2663 1022 2721 Theiuer
1034 2661 1073 2719 id.
1086 2681 1123 2720 m.
1137 2663 1159 2718 L
1171 2661 1199 2718 k
1212 2661 1273 2717 146.
1286 2659 1320 2728 l.)
