3154 5030
768 270 912 378 ...⁹3-

286 467 537 553 presumpserit3
563 467 636 553 ipso
661 466 749 536 scoto
774 467 1011 554 calumpniator
1034 466 1206 535 habeatur.
1238 466 1281 534 vt
1295 473 1413 536 autem

285 591 420 658 presens
436 576 559 662 pagiua
573 575 686 660 uigore
701 581 858 663 perpetuo
877 576 1028 648 fulicatur
1037 628 1047 664 ,
1073 576 1257 664 sigillorum
1281 583 1413 645 nostro·

285 699 355 750 rum
371 683 546 752 munimine
561 682 743 753 studuimus
758 686 987 756 roborandam.

651 860 710 933 (Aa
723 861 831 920 eredeti
842 861 921 920 utin.
936 862 1040 936 creet.)

818 1422 873 1488 54.

308 1597 368 1665 IV.
379 1599 463 1664 Belo
472 1598 580 1686 Icirctly
592 1623 614 1664 a
623 1600 856 1685 pannoodclmi
867 1605 944 1690 apest
959 1625 974 1666 a
989 1623 1011 1666 a
1019 1605 1172 1688 poaaooyi
1179 1599 1341 1690 polycrok
1355 1604 1386 1666 έε

372 1706 602 1794 vdrjobbdpyole
618 1707 711 1792 kozre',
729 1707 874 1772 Dectira
890 1709 1067 1793 eorumdem,
1087 1707 1200 1775 tedere.
1218 1709 1316 1773 1239.

388 1885 471 1953 Bela
487 1886 550 1952 Dei
566 1885 679 1968 gracia
694 1885 859 1970 ngauie,
885 1887 1077 1972 Dalmacie‚
1094 1887 1275 1968 Obroacie,
1292 1888 1408 1970 Rome,

284 1992 416 2076 Seruio,
434 1991 594 2076 (tellicio,
620 1989 830 2074 Lodomerie,
858 1991 1060 2076 Cumaniquc
1076 1995 1146 2060 Rex
1162 1993 1320 2062 uniuersis
1335 2013 1411 2078 pre·

282 2105 406 2167 sentem
431 2099 587 2184 paginam
610 2098 806 2183 inspecturis
833 2101 974 2167 salutem
993 2102 1026 2167 in
1043 2121 1121 2168 uero
1144 2102 1290 2170 salutari.
1322 2101 1410 2180 Quo-

284 2207 374 2273 niam
400 2207 499 2274 rebus
523 2208 607 2274 iuste
632 2206 802 2292 dispositis
822 2207 997 2293 causisque
1012 2209 1158 2292 legitime
1174 2210 1334 2276 ordinatis
1351 2230 1410 2275 uo·

285 2315 410 2382 uereari
427 2317 512 2384 solet
527 2315 658 2400 obliuio,
676 2315 829 2382 conuenit
844 2323 880 2380 ut
895 2335 946 2401 eu,
966 2335 1028 2398 que
1044 2317 1077 2383 iu
1094 2323 1262 2404 posterum
1278 2334 1410 2384 couscr-

284 2421 395 2491 uenda
415 2429 507 2508 sunt,
535 2423 694 2510 scripture
712 2441 852 2506 congruo
869 2421 1098 2490 confirmentur
1113 2423 1308 2492 testimonio.
1340 2425 1410 2490 No-

283 2538 349 2598 tum
369 2531 412 2599 sit
426 2532 524 2615 igitur
539 2537 604 2598 tom
621 2531 827 2618 presentibus
843 2549 941 2614 quam
959 2531 1094 2616 suturis,
1110 2531 1198 2616 quod
1214 2553 1287 2600 cum
1304 2550 1412 2598 eausa

282 2647 371 2706 mota
387 2639 504 2707 fuisset
518 2641 601 2706 inter
617 2640 699 2706 Vros
716 2638 879 2705 Abbatem
894 2640 1007 2707 Sancti
1027 2639 1161 2706 Martini
1175 2639 1215 2705 dc
1233 2639 1410 2706 Pannonia

283 2753 317 2813 et
332 2747 452 2815 fratres
467 2747 614 2815 eiusdem
630 2767 673 2814 ex
688 2765 754 2814 uua
769 2753 875 2832 parte,
885 2753 919 2814 et
929 2746 1124 2831 jobagioues
1135 2754 1169 2816 et
1177 2747 1291 2816 ciuiles
1301 2748 1407 2814 Poso-

283 2856 428 2941 nienses,
440 2855 574 2924 Ghukar
584 2855 738 2924 uidelicet
747 2862 781 2922 ct
791 2861 948 2940 cognatos
959 2873 1038 2922 euos
1055 2862 1088 2920 et
1103 2855 1211 2925 socios
1227 2856 1405 2924 eorundem

284 2983 326 3030 ex
342 2965 517 3050 aliasuper
526 2964 739 3050 possessione
754 2962 837 3030 Sala
851 2969 885 3029 et
900 2971 989 3030 terra
1004 2963 1048 3030 ad
1065 2965 1284 3050 quadraginin
1294 2971 1409 3030 aratra

281 3071 472 3156 sufficiente,
482 3092 546 3157 que
555 3069 1064 3158 temporeSanctorumStephaui
1075 3077 1108 3138 et
1117 3071 1268 3140 Ludiulai
1277 3073 1407 3157 Regum

281 3180 354 3267 Vag
369 3181 571 3265 uocabatur,
596 3187 632 3248 ut
645 3179 740 3260 „idem
758 3179 871 3246 Abbus
888 3185 922 3246 et
938 3178 1058 3245 fratres
1073 3177 1229 3248 dicebant
1238 3230 1247 3264 ,
1274 3179 1360 3246 sicut
1376 3186 1411 3245 et

279 3289 487 3375 postmodum
505 3288 539 3354 in
554 3288 738 3376 priuilegiis
755 3289 901 3374 ipsorum
927 3286 1130 3374 inspeximus
1156 3287 1335 3372 contineri;
1361 3285 1406 3350 di·

280 3399 365 3465 lecto
391 3404 424 3465 et
449 3396 541 3464 fideli
565 3403 679 3466 nostro
695 3396 846 3464 Dionisio
864 3396 1017 3463 Palatino
1034 3401 1067 3462 et
1082 3393 1202 3462 Comiti
1218 3395 1259 3463 de
1274 3397 1410 3463 Zounuc

282 3505 559 3574 commisissemus
575 3505 773 3573 audiendam
793 3511 826 3571 et
846 3503 910 3572 fine
927 3504 1037 3571 debito
1053 3504 1307 3589 terminandam
1323 3503 1409 3570 idem

281 3613 453 3680 Palatinus
479 3630 616 3680 causam
641 3611 748 3698 ipsam
774 3611 818 3677 ad
844 3617 990 3678 nostram
1005 3609 1265 3696 etjobagionum
1282 3614 1407 3678 nostro-

280 3740 352 3786 rum
367 3719 573 3805 preseuoiam
589 3717 779 3803 reportauit.
796 3718 949 3784 Partibus
974 3717 1073 3802 igitur
1098 3737 1207 3788 coram
1225 3717 1319 3784 nobis
1336 3737 1409 3783 oon·

281 3827 428 3912 stitutis,
451 3827 532 3894 dicti
543 3825 746 3912 jobagionee
763 3831 795 3892 et
812 3827 925 3894 ciuiles
941 3824 1135 3911 repetebant
1149 3825 1257 3911 ipsam
1273 3843 1408 3914 posses-

283 3935 411 4003 sionem
426 3933 469 4002 ab
485 3934 615 4001 Abbate
639 3940 672 4001 et
697 3932 852 4002 iratribus
873 3933 1019 4002 eiusdem
1035 3933 1096 4002 sub
1112 3934 1243 4001 nomine
1255 3933 1341 4019 juris
1357 3953 1408 4000 ca-

282 4043 342 4112 stri
358 4047 392 4112 et
407 4043 458 4112 sui
474 4039 608 4129 proprii,
626 4042 766 4110 dicendo
782 4061 855 4109 eam
870 4060 931 4129 per
947 4043 1111 4110 Abbatem
1127 4047 1160 4108 et
1176 4040 1293 4108 iratres
1310 4042 1343 4108 ui
1359 4059 1409 4108 oc-

282 4158 436 4237 cupatam
452 4150 596 4218 retineri.
613 4150 667 4218 Ad
681 4151 743 4218 hoc
754 4149 982 4218 dictuuAbbas
998 4155 1032 4218 et
1047 4150 1166 4218 babes
1181 4149 1251 4218 eius
1276 4168 1413 4236 respon·

282 4260 410 4345 derunt,
425 4259 547 4330 dictam
561 4260 806 4347 possessionem
816 4259 1002 4327 Ecclesiam
1012 4278 1123 4326 eorum
1133 4279 1155 4326 a
1164 4264 1252 4346 temp
1259 4279 1315 4328 ore
1325 4258 1410 4348 §an-

283 4376 405 4437 ctorum
429 4370 552 4452 Regum
576 4369 795 4454 predictorum
820 4367 969 4436 continue
985 4367 1175 4454 possedisse
1199 4374 1232 4434 et
1247 4367 1281 4432 iu
1300 4363 1413 4433 eodem

281 4476 418 4546 instanti
442 4474 665 4548 monumentis
689 4477 865 4546 autenticis
889 4477 1016 4562 Regum
1041 4477 1168 4545 seilicet
1196 4473 1413 4564 predictorum

283 4591 316 4656 et
330 4585 467 4654 aliorum
481 4587 608 4677 Regum
632 4587 697 4659 sibi
708 4586 967 4674 succedencium
985 4591 1019 4652 et
1034 4585 1186 4656 Judicum
1202 4583 1332 4650 domine
1347 4580 1408 4648 Re·
