3154 5030
710 237 867 378 ..mi

225 477 326 560 igitur
341 472 422 542 ordo
434 472 651 559 predictorum
675 473 809 539 fratrum
825 492 847 538 a
861 474 947 540 bone
972 467 1125 537 memorie
1158 470 1303 538 Honorio
1319 477 1352 538 et

226 583 383 666 Gregorio
399 579 689 667 predecessoribus
706 581 837 664 nostris,
855 588 888 647 et
903 576 997 646 nobis
1019 577 1102 664 ipsis
1118 577 1226 663 dignis
1242 597 1351 646 eornm

228 691 271 758 sit
286 688 492 774 exigentibus
515 687 641 754 meritis
657 687 868 774 approbatus,
885 705 926 754 ne
957 684 1147 770 Apostolice
1173 683 1268 753 Sedis
1286 693 1351 754 stc

227 805 307 879 tuta,
324 815 388 880 que
402 793 564 861 humiliter
591 794 759 879 suscipere
776 815 817 861 ac
834 801 1024 862 reverenter
1034 811 1168 860 serrare
1183 793 1350 874 tenemini,

232 911 462 989 contempnere
493 900 671 968 rideamini
683 953 692 986 ‚
730 903 976 970 universitatem
1007 906 1151 970 vestram
1181 919 1351 967 monemus

228 1017 369 1094 attente,
393 1009 525 1074 firmiter
550 1009 761 1094 precipiendo
785 1008 991 1094 mandantes,
1009 1013 1169 1091 quatenns
1184 1009 1350 1074 conscien·
1481 1011 1485 1019 '

229 1121 273 1186 tie
289 1137 328 1186 oc
343 1118 431 1184 fame
447 1123 555 1184 vestre
587 1117 762 1183 salubriter
788 1118 997 1185 consulentes
1020 1114 1165 1182 universi
1181 1121 1214 1181 et
1230 1105 1365 1200 singuli
1453 1202 1455 1206 Ι

227 1249 248 1294 a
265 1225 445 1310 prenotatis
461 1230 494 1289 et
511 1225 586 1291 aliis
611 1224 827 1310 predictorum
845 1225 979 1290 fratrum
997 1221 1247 1308 gravaminibus
1263 1221 1352 1306 peni·

93 1349 97 1358 ·
227 1341 279 1399 tus
295 1331 483 1415 desistatis,
512 1330 658 1398 subditos
670 1341 796 1400 vestros
815 1333 858 1399 ab
874 1332 939 1398 hiis
955 1331 1076 1398 cretius
1103 1326 1351 1415 compescendo.

228 1438 786 1523 Alioquinvenerabilibusfratribus
797 1440 936 1506 nostris.
954 1489 962 1505 .
981 1488 994 1507 .,
1007 1437 1351 1523 ArchiepiscopoStri-

228 1545 379 1630 goniensi
396 1553 430 1611 et
455 1593 462 1607 .
481 1594 488 1610 .
508 1595 516 1609 .
541 1545 703 1630 Episcopo
714 1547 948 1631 vesprimiensi
965 1545 1081 1613 damus
1097 1545 1218 1612 nostris
1234 1543 1354 1610 litteris

231 1654 364 1720 tirmiter
380 1655 413 1720 in
430 1651 612 1735 mandatis,
639 1660 673 1717 ut
688 1671 747 1718 ros
763 1654 807 1721 ad
823 1653 932 1719 omnia
960 1651 1150 1738 supradicta
1170 1651 1347 1717 monitione

227 1760 389 1846 premissa
406 1759 599 1827 auctoritate
616 1767 737 1844 nostra,
755 1760 885 1827 sublato
898 1758 1073 1827 cuiuslibet
1084 1755 1351 1825 contradictionis

230 1873 263 1934 et
276 1867 487 1953 apellaticuis
503 1866 738 1952 impedimento
757 1867 963 1952 compellant.
982 1867 1054 1932 Non
1066 1865 1219 1932 obstante
1234 1865 1352 1932 consti-

229 1979 352 2044 tutione
369 1975 410 2042 de
426 1973 553 2042 duabus
569 1973 667 2042 dietis
684 1982 744 2044 etc.
762 1975 798 2044 Si
815 1995 893 2042 vero
904 1993 964 2040 uec
988 1973 1035 2042 sic
1051 1975 1217 2041 mandatis
1234 1973 1354 2040 nostris

234 2083 425 2151 curaveritis
442 2083 586 2168 obedire,
612 2084 767 2150 noveritis
794 2101 853 2148 nos
868 2101 965 2167 super
979 2081 1042 2149 hcc
1072 2081 1260 2150 memoratis
1286 2071 1355 2148 irass

233 2193 339 2260 tribus
356 2191 461 2272 aliter,
478 2197 611 2258 auctore
624 2191 761 2258 Domino
771 2191 970 2277 provisurus.
987 2189 1107 2257 Datum
1125 2189 1265 2275 Lugditti
1282 2185 1353 2257 XV.

164 2331 168 2337 ·
234 2301 302 2368 kal.
318 2297 468 2367 Octobris
487 2295 714 2382 (Pontificatus
731 2297 849 2386 nostri)
865 2319 951 2365 anno
968 2298 1074 2366 tertio.

233 2409 271 2476 ln
287 2428 315 2474 e.
332 2427 373 2474 m.
392 2405 547 2492 scriptum
564 2412 615 2473 est
631 2407 792 2476 universis
809 2405 1083 2493 Archiepiscopis,
1101 2405 1278 2492 Episcopis
1289 2409 1349 2471 cto.

340 2581 401 2654 (IV.
416 2583 500 2638 Incze
512 2583 590 2656 pdps
602 2579 797 2654 Regesteibdl,
812 2583 937 2640 Theiner
950 2581 987 2639 id.
1002 2601 1037 2636 m.
1053 2581 1074 2636 1.
1085 2582 1113 2636 lr.
1129 2581 1190 2638 200.
1204 2580 1236 2654 1.)

667 2843 912 2856 *nn-—
