3154 5030
637 272 796 373 Δί-

163 464 236 548 gine
250 464 360 532 inolite
376 466 529 534 memorie
546 467 755 535 etBertboldi
771 466 882 534 fratris
898 465 1045 535 eiusdem
1061 471 1139 534 tune
1156 472 1279 554 tempo·

161 572 204 640 ris
220 572 427 640 Coloohensis
441 576 698 662 Arohiepisoopi
711 576 857 660 judicum
873 573 998 642 seilicet
1014 573 1056 640 ab
1079 574 1212 642 Anrlrea
1227 576 1280 666 pie

162 680 307 747 memorie
322 681 414 767 Rege
430 687 526 767 patre
541 689 654 749 nostro
670 684 907 766 delegatorum,
923 688 956 747 et
975 681 1170 748 arbitrorum
1185 679 1281 747 Desi-

162 787 241 855 derii
257 787 330 854 olim
348 789 504 875 Episcopi
520 790 761 858 Obanadiensis
786 796 819 857 et
844 790 925 856 Potlr
950 788 1111 872 qnondam
1136 786 1280 854 Palatini

161 901 193 960 et
206 895 384 963 Alexandri
395 899 603 985 simigiensis
615 901 750 968 Comitis
766 901 809 966 ab
826 905 964 984 utraque
981 906 1075 986 parte
1092 898 1277 982 electorum,

162 1022 250 1070 suum
267 1005 509 1073 euidentissime
526 1008 747 1094 probauerunt
763 1006 991 1074 intencionem.
1009 1005 1079 1073 Nos
1094 1007 1192 1088 igitur
1207 1025 1279 1071 oum

160 1111 273 1176 nostris
284 1111 520 1197 jobagionibus
531 1115 609 1182 Jula
619 1116 743 1184 Gemite
754 1117 871 1184 Judioe
883 1115 1109 1199 Corienostre,
1126 1121 1160 1181 et
1175 1113 1279 1198 magi·

160 1223 224 1284 stro
239 1218 403 1306 Stephano
420 1221 591 1308 Proposito
608 1225 785 1310 Tytiliensi
802 1230 835 1290 et
849 1225 924 1290 aule
941 1223 1045 1309 Regio
1061 1221 1277 1302 Oaneellsrio,

160 1325 334 1393 Benedioto
351 1329 521 1412 Preposlto
539 1330 684 1398 Budensi
700 1338 731 1396 et
747 1331 1046 1414 Viceoaneellario,
1064 1331 1195 1396 Matheo
1211 1329 1278 1394 Ma-

160 1433 257 1512 gistro
274 1433 500 1520 Dapiierorunr
514 1486 523 1520 ,
538 1435 687 1504 Dionisio
703 1440 862 1523 Magistro
879 1440 1077 1526 Agasonum,
1096 1437 1203 1505 Sabus
1219 1435 1278 1502 (io-

159 1539 233 1603 mite
256 1547 290 1606 et
314 1541 389 1607 aliis
415 1563 511 1626 quam
536 1543 683 1628 pluribus
708 1547 894 1613 Batonibus
909 1548 1029 1613 nostris
1046 1547 1125 1612 inito
1142 1545 1277 1612 oonsilio

159 1645 267 1710 taliter
282 1645 478 1733 diffinimus,
500 1652 585 1732 quod
601 1653 768 1735 possessio
786 1654 866 1720 Sela
883 1661 915 1718 et
931 1660 1018 1720 terra
1034 1653 1200 1739 prediota,
1217 1671 1278 1737 pro

158 1770 221 1833 qua
237 1753 280 1820 lis
295 1753 380 1820 inter
395 1763 509 1841 partes
520 1759 719 1843 vertebatur,
737 1763 770 1826 in
785 1761 836 1826 ius
853 1761 985 1827 eederet
999 1762 1144 1827 totaliter
1159 1766 1193 1825 et
1206 1781 1278 1846 per·

156 1867 304 1927 maneret
329 1863 478 1930 Eoolesie
503 1865 689 1951 supradicte
715 1868 776 1934 sub
792 1869 917 1935 eisdem
934 1876 966 1936 et
981 1887 1053 1935 oum
1070 1868 1195 1934 eisdem
1211 1888 1278 1933 rne-

156 1965 208 2052 tis,
224 1969 309 2034 sieut
324 1971 430 2036 eoiam
446 1972 562 2040 Petrus
573 1973 690 2040 Comes
706 1975 748 2042 de
758 1975 946 2061 Zulgagenr
954 1982 986 2042 et
995 1975 1155 2060 Magister
1165 1975 1278 2040 Petrus

157 2071 373 2162 Hospitalium
388 2078 498 2144 Sancti
514 2078 616 2165 Regis
635 2080 676 2146 de
692 2081 858 2168 Strigonio
882 2082 915 2148 in
940 2083 1057 2150 litteris
1082 2083 1169 2168 suis,
1195 2103 1277 2166 quos
1373 2149 1377 2156 .

157 2201 216 2248 nos
233 2183 275 2248 arl
291 2181 515 2270 inspioiendas
531 2193 637 2253 metas
652 2189 797 2273 prediote
813 2189 1032 2276 possessionis
1047 2191 1277 2258 transmisera-

157 2311 248 2376 mus,
264 2311 326 2358 nos
343 2293 578 2380 oertifioaruut;
600 2297 684 2365 sieut
700 2299 804 2366 eoiam
820 2301 900 2366 ordo
917 2305 1074 2367 metarum
1091 2306 1176 2366 terre
1192 2301 1276 2368 eins
1327 2280 1330 2292 ’

156 2399 229 2466 dem
245 2399 373 2484 plenius
398 2401 431 2466 in
456 2403 679 2472 instrumentis
695 2407 852 2491 prediotis
869 2409 1059 2476 continetur.
1090 2410 1133 2474 Et
1157 2414 1193 2473 ut
1216 2409 1276 2482 beo

154 2513 310 2593 perpetue
326 2507 517 2578 stabilitatis
532 2513 632 2578 robur
647 2515 817 2598 optineant
832 2516 866 2582 in
881 2522 1064 2602 posterum,
1090 2522 1276 2602 presentem

154 2616 310 2700 pagiuam
335 2617 475 2702 duplicis
501 2620 601 2705 sigilli
626 2623 729 2689 nostri
755 2625 930 2690 munimine
955 2623 1090 2692 ieeimus
1118 2623 1275 2692 roborari.

153 2718 276 2788 Datum
300 2723 392 2790 Bude
416 2745 502 2792 anno
527 2726 793 2798 Meomxxlx.
809 2733 905 2800 XIII.
921 2730 988 2797 kal.
1005 2733 1146 2818 Aprilis,
1172 2732 1277 2817 Regni

154 2834 263 2896 autem
280 2831 381 2897 nostri
398 2851 485 2898 anno
500 2841 623 2917 quarto.

171 3003 211 3076 (A
224 3005 442 3065 ssent-mirioni
454 3009 607 3084 illaprlletg
620 3011 818 3074 leveltrlribsn
831 3018 926 3074 brnbtt
938 3017 1043 3075 eredeti
1056 3015 1132 3073 utin.
1146 3017 1251 3091 Cum.)

584 3271 833 3288 m
