3140 5044
233 883 296 952 IV.
312 883 505 974 Iucupopn
528 893 613 949 saeui
627 883 758 948 Mortes
783 883 965 948 &deletor-a
980 881 1247 969 apuuuorabnlmi
1260 888 1352 970 upot-

282 991 403 1079 sdpbnu
416 991 621 1080 ojtotoakodo
634 989 786 1057 ttvdruek
814 993 859 1055 40
873 992 952 1078 oapi
966 990 1076 1056 bucsut
1090 991 1193 1078 mpod.
1211 993 1308 1057 1247.

337 1170 546 1238 Innocentius
576 1170 759 1257 Episcopus
774 1190 891 1238 seruus
906 1189 1075 1237 seruorum
1090 1170 1154 1238 Dei
1174 1169 1301 1237 dilectis
1316 1169 1352 1234 fl-

233 1273 276 1342 iis
294 1329 298 1336 .
319 1325 327 1340 .
346 1325 354 1343 .
371 1275 495 1343 Abbati
511 1283 544 1343 et
557 1275 739 1343 Conuentui
749 1277 940 1344 bionnstcrii
951 1276 1065 1343 Sancti
1075 1276 1209 1342 Martini
1219 1279 1260 1344 dc
1270 1279 1353 1344 Pun-

232 1381 332 1452 nouis
346 1385 529 1454 Jauricusis
546 1385 696 1453 Dicccsis
712 1385 850 1452 salutem
868 1395 901 1453 et
915 1385 1140 1472 Apostolicsm
1155 1384 1354 1452 benedictio

231 1511 317 1558 uem.
334 1492 424 1560 Loca
453 1493 646 1562 Sanctorum
677 1493 819 1560 omnium
835 1495 892 1582 piu
909 1503 985 1560 sunt
1014 1493 1186 1560 devotione
1210 1492 1353 1559 fidelium

230 1599 429 1683 venerando,
447 1607 483 1668 ut
498 1600 574 1670 dum
589 1601 652 1668 Dei
668 1599 866 1669 honoramus
881 1603 1017 1687 amicos,
1033 1601 1099 1688 ipsi
1114 1621 1175 1668 uos
1191 1602 1354 1668 amabiles

232 1707 306 1775 Deo
321 1706 503 1778 reddsutct
520 1709 648 1776 illorum
658 1708 753 1776 nobis
762 1709 1001 1794 quodammodo
1009 1707 1224 1776 vendicantes
1239 1713 1347 1792 patro·

230 1815 349 1883 ciuium
363 1815 452 1902 apud
469 1817 584 1903 ipsum,
599 1817 688 1902 quod
703 1817 822 1884 merita
837 1823 950 1884 nostru
964 1835 1029 1884 non
1051 1815 1217 1900 obtinent,
1241 1833 1352 1881 eorum

231 1943 415 1991 mercamur
439 1922 728 1992 interrectionibus
752 1924 910 1991 obtinere.
927 1923 1105 2010 Cupientes
1125 1923 1225 2008 igitur
1240 1923 1353 1990 Eccle-

231 2030 312 2098 sism
328 2031 518 2099 Moussterii
544 2033 646 2099 vestri
671 2033 713 2099 ad
730 2033 911 2100 Romanam
937 2033 1122 2101 Ecclesiam
1137 2031 1227 2098 nullo
1243 2029 1354 2097 medio

231 2139 424 2224 pertinentis
448 2139 490 2206 ob
505 2138 603 2206 Beati
618 2139 753 2206 Martini
767 2140 902 2223 merita,
934 2141 1027 2208 cuius
1043 2139 1245 2207 ctuocabulo
1274 2137 1353 2204 insi·
1396 2127 1402 2135 '

233 2245 337 2332 gnita,
353 2245 506 2328 congruis
515 2245 690 2314 honoribus
701 2247 912 2333 frequentari,
936 2243 1355 2330 omnibusuerepcnitcnti-

231 2351 291 2419 bus
307 2357 339 2420 et
355 2351 526 2438 ocuiessis,
544 2353 600 2436 qui
615 2353 797 2420 Ecclesiam
814 2355 921 2440 ipsum
931 2357 964 2421 in
976 2353 1030 2422 die
1039 2353 1257 2422 dedicationis
1268 2354 1354 2420 cius·

231 2458 306 2527 dem
322 2463 355 2526 et
370 2459 603 2529 festivitatibus
619 2459 697 2528 dicti
713 2463 820 2529 suncti
839 2461 1295 2544 venerabilitcruisitsuerint,
1311 2459 1356 2528 tie

232 2563 472 2656 omnipotentis
497 2569 559 2636 Dei
584 2569 809 2640 misericordia
833 2580 867 2637 et
891 2569 1067 2638 Bestorum
1093 2571 1181 2639 Petri
1204 2589 1244 2637 co
1259 2567 1356 2635 Pauli

232 2675 465 2762 Apostolorum
491 2677 562 2746 eius
587 2679 782 2746 auctoritate
807 2678 916 2746 confisi
927 2729 937 2763 ‚
961 2679 1187 2764 quadraginta
1212 2677 1284 2745 dics
1312 2675 1356 2744 de

224 2783 387 2852 iniunctis
403 2783 466 2852 sibi
481 2783 670 2872 penitentiis
687 2783 783 2852 annis
799 2785 936 2872 singulis
951 2786 1204 2854 misericorditer
1220 2785 1349 2852 relaxa-

231 2911 312 2960 mus.
337 2891 460 2960 Datnm
480 2875 638 2978 'Lugduni
653 2892 726 2960 XV.
742 2892 812 2961 kal.
829 2894 999 2962 Februarii
1026 2893 1236 2963 Pontificatus
1251 2891 1354 2960 nostri

231 3019 318 3069 anno
334 3005 459 3086 quarto.

372 3175 518 3250 (Eredetic
536 3195 554 3235 a
572 3175 786 3236 ment-mtrmni
805 3175 960 3252 ibspttssg
978 3175 1199 3250 leutitirtban.)

661 3459 900 3474 -.,-........--....
