3154 5030
682 285 839 401 ..IE-

194 487 290 556 nobis
306 487 466 571 asseruit,
492 483 692 554 autenticum
717 482 860 569 sigillum
875 488 957 566 tunc·
967 483 1123 570 temporis
1138 502 1204 552 uon
1219 483 1321 552 habe-
1362 523 1368 531 ,

195 595 274 680 bat,
299 598 408 680 preter
422 591 567 678 sigillum
582 591 697 661 annuli
712 591 765 658 sui
780 589 815 658 in
830 591 924 661 ouius
940 591 1115 660 karaetere
1132 591 1323 662 contineba-

195 707 249 768 tur
274 699 418 787 sigillum
443 701 584 786 Donati,
611 720 632 767 a
657 699 752 767 nobis
770 700 871 786 peciit
886 719 959 767 curn
975 698 1063 767 omni
1077 699 1264 782 instancia,
1291 705 1326 768 ut

192 815 361 894 presentes
384 810 531 895 litteras,
556 827 639 893 quas
655 808 766 893 sigillo
783 807 896 876 auuuli
911 807 963 876 sui
978 807 1180 876 solummodo
1191 806 1321 892 sigilla·

192 917 259 1003 uit,
283 915 393 1003 sigillo
424 916 569 1003 (lapituli
598 914 702 984 nostri
717 915 760 984 ad
787 917 944 986 maiorem
967 916 1134 984 cautelam
1158 915 1324 999 sigillare·

192 1042 309 1092 remua.
341 1023 434 1092 Vnde
459 1021 501 1092 ad
523 1023 756 1092 declarandam
786 1023 834 1091 rei
850 1026 1022 1092 ueritatem
1052 1029 1240 1110 presentem
1267 1041 1324 1108 pa-

194 1133 305 1220 ginam
320 1131 424 1218 sigilli
439 1131 543 1200 nostri
558 1131 736 1200 munimine
751 1133 987 1204 roborauimus.
1005 1129 1127 1202 Datum
1143 1127 1325 1200 nichilomi·
1362 1163 1365 1170 λ

193 1260 255 1309 uus
271 1257 357 1311 auno
372 1239 503 1309 Domini
519 1237 729 1309 M⁰OG⁰XL⁰.

338 1415 482 1490 (Eredctic
500 1435 519 1475 a
537 1417 751 1478 ment-mdrtcni
769 1415 924 1494 idapeitsdg
943 1415 1165 1492 levelttrtbuu.)

627 1679 893 1692 -u-——w

738 2031 793 2097 70.

195 2208 243 2276 Ar
252 2209 411 2276 ceremur·
419 2229 463 2274 aa.
473 2206 609 2275 keresetc'
617 2209 696 2294 aper
709 2167 875 2275 ewam
884 2207 968 2295 perti
978 2205 1098 2294 pcipdr
1112 2207 1196 2275 lead
1204 2207 1322 2276 mum-

232 2329 343 2407 qurtco
358 2317 492 2384 birtokct
505 2316 596 2384 ilerd
603 2316 724 2404 pamel
738 2317 1032 2404 irooednyeeomdju.
1049 2315 1282 2384 1235-1241.

302 2583 324 2640 1.
335 2580 428 2656 (1235.
442 2581 574 2656 Perugia.
587 2581 716 2640 Fcbrudr
729 2579 836 2654 blrdn.)

303 2675 481 2764 Gregorius
496 2675 680 2761 Episcopus
697 2691 811 2742 seruus
827 2691 995 2743 seruorum
1011 2671 1076 2742 Dei
1095 2672 1228 2743 dilectis
1244 2671 1321 2743 filiis

196 2785 235 2852 F.
251 2783 375 2852 Abbati
391 2784 560 2851 Scotorum
575 2780 609 2848 in
625 2781 784 2866 Wieuua,
810 2779 869 2848 ch.
894 2781 1065 2868 Preposite
1082 2787 1115 2849 et
1130 2781 1168 2848 F.
1184 2781 1321 2850 Decano

119 2932 127 2943 ·
197 2891 238 2960 de
252 2890 474 2958 Neuiuburch
490 2889 699 2958 Patauieusis
714 2889 865 2958 Dioceeis
882 2891 1021 2958 salutem
1048 2895 1082 2955 et
1097 2887 1321 2975 apostolicam

197 2997 468 3066 benedictionem.
499 2998 551 3063 Ex
575 3003 669 3082 parte
694 2995 888 3066 dilectorum
912 2995 1051 3065 filiorum
1075 2997 1321 3066 arbustiset

197 3104 384 3173 conuentus
400 3105 592 3175 lionasterii
608 3106 730 3174 Sancte
747 3105 861 3175 (trucis
877 3104 1107 3174 cisterciensis
1116 3101 1248 3172 Ordinis
1265 3125 1320 3171 no·

198 3211 250 3279 bis
266 3218 316 3278 est
331 3213 443 3280 oblata
459 3213 682 3298 querimonia,
707 3213 794 3299 quod
809 3213 1008 3282 Wemberus
1024 3213 1121 3279 miles
1136 3211 1320 3279 Wacicnsis

197 3318 351 3386 Dionaeis
367 3320 529 3404 quoddam
544 3318 712 3409 predium,
738 3319 824 3406 quod
848 3317 968 3386 dieitur
991 3319 1207 3403 Pomgarteu,
1234 3315 1321 3402 quod

198 3423 362 3509 quondam
378 3424 550 3496 (luuradus
575 3427 616 3496 de
641 3427 744 3495 Altab
758 3425 855 3493 miles
871 3425 979 3493 eidem
995 3423 1195 3492 llouasterio
1211 3423 1269 3510 pia
1284 3422 1323 3490 li·-

197 3531 373 3600 beralitatc
397 3531 549 3618 donauit,
575 3540 690 3602 contra
715 3531 880 3601 iusticiam
896 3529 1019 3602 detinet
1034 3539 1067 3601 et
1083 3532 1132 3599 cia
1148 3531 1320 3602 restituere

198 3637 402 3707 contradicit.
418 3639 580 3721 Quocirca
596 3639 792 3709 discrecioni
807 3647 916 3708 uestre
926 3638 1186 3729 perdpostolioa
1196 3639 1319 3730 scripta

197 3743 402 3834 mandamus,
418 3748 570 3834 quatinus
586 3747 734 3834 partibus
752 3749 941 3818 conuocatis
959 3747 1105 3818 audiatis
1121 3766 1269 3836 caueam,
1286 3755 1321 3818 et

197 3855 422 3941 appellatione
437 3863 564 3925 remota
578 3853 643 3924 fine
658 3856 768 3926 debito
783 3857 976 3942 terminetis,
993 3855 1161 3942 facientes,
1182 3876 1245 3944 que
1261 3855 1317 3924 de·

198 3960 378 4046 creueritis,
395 3981 640 4049 percensuram
656 3963 914 4033 ecclesiasticam
929 3963 1063 4033 firmiter
1078 3963 1259 4049 obseruari3
1270 3971 1317 4034 te·

197 4075 267 4138 stes
281 4075 401 4156 autem,
417 4069 474 4156 qui
489 4067 612 4140 fuerint
627 4071 795 4159 nominati,
811 4073 841 4138 st
856 4091 894 4141 se
908 4071 1032 4160 gracia,
1042 4071 1119 4141 odio
1134 4073 1188 4141 uel
1203 4073 1317 4140 timore

197 4175 427 4262 subtraxerint,
442 4196 501 4266 per
515 4197 688 4249 censuram
702 4177 843 4249 eandem
860 4179 1083 4268 appellatione
1095 4186 1247 4250 cessante
1263 4199 1317 4247 co-

196 4281 284 4384 gatis
300 4285 434 4354 ueritati
449 4286 669 4356 testimouium
684 4287 845 4372 peribere.
877 4283 1002 4366 Quodsi
1026 4308 1091 4356 nou
1116 4306 1229 4356 omues
1252 4287 1318 4356 hiis

197 4391 398 4476 exequendis
414 4393 586 4479 potueritis
601 4389 780 4480 interesse,
805 4393 869 4464 duo
891 4401 1036 4463 uestrum
1051 4413 1094 4462 ea
1107 4391 1320 4464 nihilomiuus

197 4507 410 4586 exequantur.
426 4499 548 4570 Datum
564 4501 794 4573 Perusiinonis
804 4503 976 4574 Februarii
986 4500 1198 4570 Pontificatus
1213 4501 1317 4569 nostri

197 4625 286 4676 anno
301 4615 432 4677 octauo.

252 4727 735 4780 aerumnosarum-ornus
1136 4715 1157 4782 8
