3154 5030
584 227 847 344 *mn

202 441 323 510 taudos
339 443 373 510 in
388 441 462 508 luce
478 437 639 507 sermonis
656 443 689 503 et
704 437 899 508 rectitudine
915 417 1033 530 operis,
1049 425 1339 523 propositumve·

202 547 253 616 bis
267 547 330 617 iter
344 547 417 614 siue
429 540 648 638 quorumlibet
664 539 844 630 offensione
860 539 1008 612 curratis.
1034 539 1081 609 Ut
1107 548 1218 610 autem
1235 541 1330 608 mini·

200 655 337 724 sterium
352 661 498 723 vestrum
514 643 689 749 honoretur
698 653 831 740 plenius
842 653 880 742 ἰι
893 651 1124 726 honorabilius
1140 650 1327 738 impleatur,

202 755 402 853 presentium
418 761 513 832 vobis
528 761 728 829 auctoritate
744 761 965 847 concedimus,
983 759 1061 827 utin
1074 759 1181 837 terris,
1197 751 1329 848 qucjeu·

97 885 100 896 ·
202 873 266 950 lr'uo
292 871 388 952 ¹Sedis
413 869 604 960 Apostolice
635 869 828 956 magisterio
844 889 911 939 nou
926 869 1098 939 intendunt
1109 865 1329 956 ,'proponere

203 981 338 1060 verbum
347 979 412 1048 Dei
428 987 462 1049 et
476 967 663 1050 constitutis
677 975 811 1057 ibidem,
827 1000 892 1047 nou
908 981 1070 1064 obstante,
1087 979 1117 1046 si
1132 977 1236 1062 aliqui
1251 982 1343 1044 suut¹

205 1090 541 1158 excommunicatione
556 1088 671 1174 ligati,
680 1085 727 1152 ιι
743 1088 854 1172 verbo,
865 1085 974 1156 officio
990 1095 1023 1154 et
1035 1085 1118 1170 cibo,
1148 1105 1187 1152 ac
1203 1083 1237 1152 in
1254 1083 1329 1172 aliis
1398 1154 1399 1157 ,

204 1217 321 1266 secure
346 1194 603 1279 communicare,
635 1196 814 1286 etipsos,
800 1215 859 1292 seu
876 1196 976 1262 etiam
1001 1193 1086 1262 alios
1126 1192 1272 1260 converti
1287 1190 1331 1258 ad

202 1307 359 1406 unitatem
376 1305 560 1374 Christiano
576 1303 658 1372 fidei
667 1305 835 1396 cupientes
851 1301 1007 1390 recipere,
1036 1288 1205 1388 baptizers
1222 1309 1255 1367 et
1263 1319 1329 1416 ,ιι
1392 1385 1403 1406 ,
1530 1343 1534 1352 -

205 1399 345 1501 gregare
361 1413 436 1482 liliis
461 1413 610 1480 Ecclesia
636 1413 757 1484 Sancte
772 1413 936 1498 possitis,
960 1421 1087 1479 necnon
1126 1391 1326 1495 aggregeto‘s

204 1522 360 1590 eosdem
351 1521 509 1618 insignire
535 1527 706 1588 caractere
732 1507 898 1604 clericali,
924 1521 982 1616 ιι
973 1539 1064 1604 ιιιοι
1081 1516 1125 1586 ad
1141 1517 1327 1586 Acolitatus

205 1628 351 1716 ordinem
366 1647 577 1714 promovere·
613 1627 713 1693 liceat
738 1628 837 1695 etiam
861 1605 955 1694 vobis
972 1627 1091 1693 ibidem
1117 1605 1329 1692 redeuntibus

204 1736 248 1803 ad
264 1735 484 1826 obedientiam
500 1734 602 1804 Sedis
614 1734 821 1819 Apostolioc,
846 1736 900 1818 qui
915 1743 989 1803 suut
999 1732 1334 1800 excommunicatione

204 1844 311 1930 ligati,
321 1819 535 1924 absolutionis
550 1823 991 1921 beneficiumiuxtalormam
1002 1839 1170 1910 Ecclesia
1162 1839 1331 1927 rmpertiri,

206 1959 240 2018 et
258 1971 358 2038 super
374 1972 413 2018 eo
430 1951 623 2038 dispensare
641 1970 711 2016 cnm
729 1951 831 2040 ipsis,
849 1939 950 2036 quod
968 1957 1168 2039 receperunt
1194 1949 1328 2019 ordines
1427 1939 1430 1946 ⁴

140 2075 143 2080 ·
207 2067 240 2127 ιι
256 2057 367 2128 divine
385 2057 590 2152 celebrarunt
605 2057 755 2125 officia'
729 2067 779 2124 s'rc
796 2059 899 2148 ligati.
919 2060 1014 2132 Ηοι
1005 2079 1111 2146 rpsum
1127 2059 1223 2128 robus
1233 2059 1277 2125 ιιι
1292 2055 1328 2122 li·
1397 2087 1401 2094 ·

195 2167 304 2246 ¹citum
321 2167 407 2234 circa
422 2166 498 2238 illos
514 2165 557 2262 dc
573 2167 669 2239 ιιιιιι
685 2165 829 2250 eisdem,
861 2157 915 2251 qui
941 2167 1143 2255 temporibus
1170 2161 1328 2234 indebitis

206 2275 260 2341 ιιι
277 2273 360 2340 iufra
377 2280 500 2341 etatem
518 2274 709 2359 legitimam,
719 2283 782 2342 'aut
799 2275 854 2359 qui
870 2295 982 2344 omnes
993 2263 1184 2360 eademdie,
1200 2275 1252 2341 vol
1269 2271 1327 2358 qui

206 2384 391 2467 superiores
421 2379 641 2469 pretermissis
670 2381 879 2470 inferioribus
905 2384 1056 2452 conferre
1089 2403 1148 2453 seu
1178 2381 1325 2468 recipere

206 2489 337 2558 ordines
362 2493 655 2598 presumpserunt,
670 2490 699 2556 ιι
715 2491 849 2571 tamen
842 2513 874 2557 m
901 2491 963 2559 hoo
978 2501 1113 2588 serrata
1128 2491 1233 2562 forma
1248 2489 1330 2558 talis

212 2599 373 2683 estiterit,
397 2618 456 2683 per
481 2619 580 2684 quam
606 2585 757 2668 ordines
765 2602 976 2686 recepissent.
994 2577 1093 2672 Vobis
1108 2607 1277 2696 preterea
1276 2598 1323 2694 di·

208 2723 366 2790 sponsare
381 2705 491 2784 liceat,
513 2713 549 2772 ut
561 2707 613 2772 illi
630 2727 671 2774 ox
688 2706 874 2777 nationibus
885 2715 993 2776 vestre
1003 2704 1232 2795 predicationi
1242 2723 1330 2778 coru·

208 2813 317 2880 missis
318 2832 395 2897 qur
404 2820 478 2898 post
494 2813 735 2898 susceptionem
745 2827 911 2882 sacrorum
922 2797 1081 2901 ordinum,
1096 2817 1174 2886 rel
1166 2834 1198 2884 m
1214 2817 1324 2922 gradi-

208 2901 269 2988 bus
286 2927 319 2986 ιι
343 2921 501 2988 casibus
494 2940 515 2986 ι
530 2921 643 3014 diviua
668 2904 799 2988 minime
824 2923 899 3007 lege
922 2923 1097 3030 prohibitis
1120 2923 1328 2992 matrimonia

196 3036 461 3113 contraxerunt,
494 3017 710 3097 remaneant
702 3051 735 3096 ιιι
759 3030 904 3120 ιιιιιιιι,
936 3040 968 3098 et
984 3023 1050 3098 hii
1046 3033 1101 3118 qui
1117 3032 1160 3100 ad
1175 3019 1325 3104 Ecclesia

209 3135 380 3205 catholice
405 3137 560 3206 redierint
575 3139 743 3224 unitatem,
760 3145 795 3204 ut
819 3137 904 3206 inter
920 3159 996 3207 suos
1021 3141 1189 3226 habitent,
1215 3142 1328 3226 eisque

210 3245 469 3338 communicent,
492 3263 620 3312 necnon
655 3247 741 3329 quod
764 3247 875 3314 clerici
899 3229 1068 3315 nationum
1085 3250 1246 3344 ipsarum
1275 3268 1332 3334 pu

205 3329 294 3424 blico
310 3353 354 3420 ud
378 3354 600 3438 obedientiam
625 3353 720 3422 Sedis
745 3353 934 3440 Apostolice
950 3333 1142 3442 redeuutes,
1166 3355 1333 3442 gaudeant

207 3459 383 3584 privilegio
409 3461 563 3528 ιιιιιιιιι.
589 3461 639 3528 Sit
654 3463 753 3528 etiam
779 3461 873 3529 robis
889 3461 1022 3529 licitum
1029 3464 1170 3570 omnium
1183 3463 1328 3532 fidelium

207 3569 352 3640 interris
368 3565 527 3656 predictis
544 3569 770 3654 consessiones
786 3561 913 3656 audire,
931 3591 981 3643 ac
988 3571 1068 3660 ipsis
1087 3560 1255 3661 iniungere
1271 3593 1327 3660 pe·

205 3680 360 3776 nitentias
374 3681 549 3766 salutares,
566 3687 599 3749 st
603 3680 908 3770 excommunicatos
919 3703 941 3748 a
956 3685 1146 3752 oanouevel
1157 3684 1221 3752 alio
1231 3683 1327 3760 modo

206 3787 298 3856 iuxta
313 3789 460 3857 Ecclesia
476 3786 614 3857 sormam
631 3789 811 3874 absolvere,
828 3788 1021 3868 dummodo
1012 3781 1161 3875 ιιιιιιιιιιι
1172 3800 1205 3860 ιι
1215 3793 1329 3878 damp-

206 3917 250 3965 na
264 3898 375 3984 passis
390 3895 596 3966 ιιιιιιιιιιιι
626 3904 859 3984 competenter.
877 3899 957 3966 Cum
974 3878 1210 3988 irregularibus
1223 3909 1334 3973 cutem
1418 3921 1420 3927 ·

204 4005 345 4089 partium
377 4005 578 4074 earundem
570 4025 604 4072 m
621 4005 689 4076 illis
705 4007 838 4074 casibus
849 4057 859 4094 ,
890 4005 1058 4092 inquibus
1083 4011 1192 4078 solent
1216 4007 1335 4097 Legati

205 4110 304 4181 Sedis
323 4113 510 4202 Apostolioe
541 4111 745 4200 dispensare,
762 4133 801 4180 ac
818 4115 918 4184 etiam
943 4135 1016 4182 cum
1041 4099 1170 4206 clericis
1186 4115 1332 4201 ipsarum

207 4221 347 4307 panium
361 4221 562 4311 patientibus
572 4219 736 4290 delectum
752 4223 919 4306 natalium,
937 4213 1113 4292 dummodo
1130 4243 1194 4292 uon
1211 4223 1277 4290 siut
1293 4221 1336 4289 de

208 4327 369 4398 adulterio
386 4331 438 4398 vel
471 4328 596 4396 incestu
622 4335 680 4396 aut
695 4327 737 4396 de
752 4329 957 4415 regularibus
974 4331 1157 4418 procreati,
1181 4329 1224 4395 sil
1239 4330 1335 4402 vobis

210 4436 424 4525 dispensandi
446 4437 608 4506 facultas:
634 4457 732 4520 quam
749 4439 836 4505 circa
852 4437 928 4505 illos
938 4439 1088 4508 similiter
1104 4436 1265 4522 babeatis,
1281 4439 1337 4523 qui

218 4541 262 4620 ιιι
276 4548 402 4615 unitate
417 4544 587 4615 (iotholioe
599 4545 747 4615 Ecclesia
763 4563 823 4613 seu
832 4543 1053 4633 religiosorel
1062 4543 1209 4616 clericali
1224 4545 1339 4620 ordiuc
