3220 5058
708 307 754 378 48

658 399 812 410 -ᾳ-

167 506 230 573 bus
246 506 315 574 suis
331 503 435 590 culpis
452 505 609 591 eiectum,
635 509 836 576 monasterio
851 506 989 594 proiecit
1010 509 1136 578 eidem:
1163 515 1295 598 propter

168 615 256 700 qnod
265 664 275 700 ,
290 634 332 681 ne
347 621 415 681 tarn
430 634 551 700 graves
567 635 745 700 excessus,
771 618 801 684 si
816 637 882 684 non
897 636 955 684 eos
969 637 1056 704 pena
1070 617 1181 686 debita
1196 619 1295 686 casti-

168 729 282 808 garet,
308 721 484 790 transirent
499 723 574 790 aliis
591 723 624 788 in
642 727 826 811 exemplum
836 774 846 810 ,
866 725 995 793 dilectis
1010 725 1086 793 filiis
1103 773 1111 792 .
1128 773 1136 792 .
1154 775 1162 792 .
1180 726 1296 794 Sancti

168 831 328 916 Ste‘pbani
343 829 456 914 Regis,
473 877 480 892 .
499 880 506 895 .
524 877 531 894 .
551 831 666 898 Sancti
681 833 854 901 Benedicti
871 839 904 900 et
920 883 927 898 .
946 883 953 900 .
971 883 979 900 .
1006 833 1120 902 Sancti
1136 834 1296 918 Stephani

169 938 408 1006 Protomartiris
425 937 539 1004 Sancti
554 940 729 1026 Augustini
753 939 887 1008 Ordinis
903 940 1088 1008 Abbatibns
1105 940 1296 1008 waradien·

170 1053 217 1118 sis
233 1046 384 1115 Diocesis
400 1047 519 1114 nostris
535 1046 686 1116 dedimus
702 1049 807 1118 literis
823 1049 857 1114 in
873 1048 1047 1132 mandatis,
1064 1055 1099 1116 ut
1115 1051 1145 1117 si
1160 1069 1230 1116 rem
1245 1050 1294 1116 in·

169 1156 316 1224 veneunt
331 1154 442 1222 taliter
458 1165 495 1222 s'o
510 1155 653 1238 babere,
671 1156 852 1243 predictum
869 1157 1089 1244 Episcopum,
1105 1163 1141 1226 ut
1161 1143 1296 1224 eosdem
1410 1181 1415 1186 ·

169 1262 328 1329 Abbatem
346 1268 379 1327 et
394 1258 571 1328 monachos
588 1263 724 1348 pristine
740 1265 916 1332 restituens
933 1262 1088 1348 libertati,
1107 1283 1163 1334 eos
1174 1266 1295 1332 admo·

170 1369 348 1437 nestorium
363 1369 489 1454 ipsum,
516 1376 624 1436 amoto
641 1371 684 1437 ab
701 1390 740 1439 eo
757 1370 901 1454 quolibet
917 1372 1087 1440 detentore
1104 1372 1241 1459 illicito,
1257 1373 1294 1439 li-

168 1481 245 1548 bcre
271 1475 377 1542 redire
403 1476 623 1561 permitteret,
649 1479 826 1545 monitione
849 1481 1011 1565 permissa
1027 1482 1224 1548 auctoritate
1241 1501 1296 1548 no·

170 1595 239 1654 stra
254 1587 315 1653 sub
332 1585 523 1670 Apostolica
540 1579 955 1671 obedientia-coarctarent,¹
965 1589 1131 1673 predictos
1142 1609 1295 1656 manuum

170 1695 342 1761 iniectores
367 1689 494 1760 tamdiu
519 1693 740 1776 appellatione
765 1701 891 1761 remota
916 1696 1214 1764 excommunicatos
1239 1715 1297 1782 pu·

169 1802 258 1870 blice
274 1799 488 1884 nunciantes,
505 1819 546 1866 ac
562 1798 720 1866 iacientes
736 1801 779 1866 ab
795 1802 944 1868 omnibus
959 1803 1080 1869 arctius
1097 1803 1225 1886 evitari,
1243 1802 1297 1869 do·

169 1931 230 1977 nec
245 1909 356 1995 passis
373 1908 525 1976 iniuriam
541 1907 775 1974 satisfacerent
790 1917 1019 1994 competenter,
1043 1915 1076 1976 et
1092 1929 1166 1978 curn
1184 1928 1298 1976 eorun-

169 2018 242 2085 dem
268 2016 411 2084 iudicum
437 2016 617 2083 litterarum
642 2015 830 2084 testimonio
848 2016 999 2083 venirent
1013 2017 1057 2084 ad
1073 2017 1195 2086 Sedena
1211 2018 1297 2104 Apo

170 2125 317 2192 stolicam
335 2121 537 2199 absolvendi,
554 2120 680 2206 prelixo
695 2123 760 2208 ipsi
776 2123 942 2210 Episcopo
958 2128 1097 2194 termino
1113 2133 1297 2212 perempto-

168 2233 216 2298 rio
232 2233 513 2318 competentique
529 2251 648 2317 respon
655 2251 749 2300 surus
765 2232 807 2300 de
823 2235 977 2319 dampnis
993 2243 1026 2301 et
1042 2236 1169 2303 iniuriis
1185 2254 1298 2320 supra·

168 2341 265 2408 dictis
276 2389 285 2424 ,
311 2361 351 2408 ae
375 2340 544 2408 auditurus
570 2357 667 2425 super
693 2343 863 2425 questione
879 2345 1060 2429 premissa,
1085 2362 1148 2427 que
1172 2343 1300 2412 iustitia

170 2449 334 2534 suaderet,
352 2449 540 2536 Apostolico
557 2469 594 2517 se
610 2451 798 2538 conspectui
813 2459 1030 2538 presentarot.
1063 2452 1209 2536 cumque
1224 2471 1297 2538 pre-

168 2557 230 2626 fati
246 2557 371 2624 iudices
387 2557 544 2642 inquisita
562 2559 739 2644 superbiis
756 2559 895 2626 sollicite
912 2560 1071 2645 ueritate,
1087 2561 1187 2646 longe
1203 2561 1299 2646 plura

168 2674 282 2734 contra
292 2673 489 2734 memoratos
499 2667 661 2734 Abbatcm
677 2667 920 2735 etOonrentum
936 2673 1126 2755 presumpta
1142 2687 1202 2753 per
1218 2686 1296 2735 enn-

170 2774 245 2840 dem
260 2775 458 2860 Episcopum
485 2775 708 2858 invenissent,
734 2795 829 2860 quam
855 2776 975 2843 nostris
1000 2775 1140 2843 fuissent
1166 2775 1299 2844 auribus

169 2881 328 2958 intimata,
345 2879 549 2965 sepedictum
560 2883 759 2970 Episcopum
776 2881 954 2950 efficaciter
970 2887 1171 2967 monuerunt,
1183 2889 1299 2970 utpre·

169 2990 273 3057 missa
289 2988 398 3056 omnia
415 2991 543 3057 faciens
559 2991 736 3075 emendari,
752 2991 818 3057 iam
835 2989 941 3058 dictos
956 2990 1120 3057 Abbatem
1137 2997 1170 3056 et
1186 3010 1299 3058 mona·

170 3097 268 3177 cbos,
284 3097 404 3166 amotis
421 3097 540 3166 exinde
556 3099 756 3181 quibuslibet
771 3099 895 3164 illicitis
912 3099 1169 3178 detentioribus,
1193 3097 1299 3164 libere

169 3207 276 3274 redire
291 3206 494 3291 permitteret
510 3206 555 3273 ad
569 3209 800 3274 monasterium
817 3205 1010 3272 eorumdem.
1042 3203 1110 3271 Sed
1134 3203 1207 3288 ipse
1235 3223 1300 3271 nou
1397 3247 1402 3258 -

171 3313 277 3379 solnm
292 3312 326 3378 id
343 3313 473 3382 efficere
488 3315 621 3402 penitus
636 3314 822 3396 recusavit;
840 3331 953 3378 serum
964 3311 1299 3395 etiampeceatapcc·

166 3419 254 3523 petis
271 3423 490 3505 accumulans,
511 3422 627 3507 peiora
642 3422 805 3508 prioribus
821 3419 882 3484 fuit
897 3418 946 3485 eis
962 3417 1154 3484 terribiliter
1171 3417 1300 3482 commi·
1376 3451 1387 3469 a

171 3534 287 3614 natus,
304 3529 537 3617 propterquod
553 3533 659 3618 ipsum
676 3531 757 3597 dicti
772 3527 898 3595 iudices
914 3527 958 3593 ab
968 3525 1075 3594 officio
1091 3533 1125 3592 st
1140 3524 1298 3594 beneficio

172 3635 423 3721 suspendentes,
443 3637 548 3704 dictos
564 3655 717 3703 manuum
734 3635 910 3702 iniectares
928 3633 1226 3702 excommunicatos
1242 3654 1299 3721 pn·

173 3743 260 3809 blicc
275 3743 488 3829 nunciarunt,
506 3762 588 3827 quos
604 3742 689 3810 idem
708 3742 890 3831 Episcopus
905 3743 938 3810 in
954 3741 1081 3810 malitia
1096 3762 1158 3810 sua
1173 3741 1298 3829 fovens,

173 3871 233 3916 uec
249 3851 342 3937 ipsos
358 3872 379 3918 a
394 3869 455 3919 sua
470 3849 698 3918 familiaritate
715 3851 861 3935 rement,
878 3869 939 3918 nec
955 3869 992 3918 se
1002 3871 1118 3937 gerere
1127 3851 1229 3918 voluit
1239 3871 1298 3936 pro

172 3977 332 4045 suspenso
359 3961 391 4026 in
417 3960 525 4050 anime
549 3977 607 4027 suo
632 3957 810 4045 periculum
836 3965 869 4026 et
893 3977 995 4046 grave
1012 3957 1203 4027 scandalum
1218 3957 1299 4029 alio·

172 4083 254 4132 rum.
272 4067 315 4134 At
330 4067 428 4134 iidem
439 4067 570 4154 judices
585 4087 774 4153 processum
792 4087 886 4134 suum
911 4067 956 4136 ad
980 4087 1119 4138 examen
1134 4063 1298 4152 Apostoli-

173 4194 243 4241 cum
261 4177 475 4262 remittentes,
491 4176 657 4244 nominato
672 4177 840 4262 Episcopo
856 4177 1027 4244 terminum
1043 4173 1299 4271 peremptorium

171 4281 336 4350 kalendas
363 4283 487 4370 Aprilis
512 4283 668 4351 videlicet
692 4283 816 4352 suturas
831 4293 910 4353 tunc
924 4286 1073 4371 proximo
1089 4280 1298 4371 prolixorunt,

173 4409 236 4474 qno
254 4396 458 4477 compareret
473 4391 692 4479 personaliter
708 4413 820 4460 coram
835 4392 929 4459 nobis
945 4411 1044 4478 super
1053 4388 1221 4478 premissis
1231 4407 1298 4454 οιιι-

172 4499 271 4566 nibus
288 4519 515 4586 responsurus.
533 4499 614 4568 cum
630 4505 738 4567 autern
754 4499 843 4567 dicto
860 4498 988 4566 Abbate
1003 4517 1063 4585 pro
1078 4514 1117 4565 se
1132 4513 1172 4562 ao
1186 4514 1298 4562 mona-

171 4607 274 4673 sterio
290 4628 350 4676 suo
366 4615 440 4676 tunc
456 4607 489 4674 in
505 4616 618 4676 nostra
634 4607 801 4698 presentia
817 4612 1047 4698 comparente,
1062 4603 1148 4672 idem
1164 4601 1299 4718 Episco-
