3154 5030
771 267 915 368 „Q

281 462 352 532 tieni
375 462 599 552 permittemus
624 482 698 533 oum
721 463 837 548 ulique
860 463 915 532 vel
931 463 1096 549 eiiqnibue
1121 463 1270 552 peruenit
1287 471 1400 536 eontee

280 570 447 640 dominnm
471 573 594 660 Regem
609 579 730 642 eteuoe
763 589 982 659 ouooeouoree,
999 579 1033 640 et
1048 569 1237 658 epeoiuiiter
1252 578 1286 642 et
1300 572 1399 640 nomi-

279 680 381 750 netim
395 699 469 750 oum
484 675 616 750 domiuo
630 681 781 751 Beutrioe
796 701 896 750 uxore
926 683 1091 768 quondm
1110 679 1233 749 domini
1249 677 1400 748 Androne

213 777 217 786 ’
280 791 382 876 Regin
399 795 433 860 et
446 788 513 858 fliio
529 790 643 877 ipeine,
653 789 862 860 neonunoioo
873 790 1018 878 iptorum
1028 795 1144 858 oontre
1158 788 1325 856 dominum
1339 787 1399 854 Be-

280 918 366 986 gom,
384 903 566 967 enteontro
589 897 695 984 ipoinn
709 896 883 983 honorem,
909 905 944 966 et
967 917 1098 966 enorum
1114 914 1337 966 suceessorum
1351 915 1401 965 re·
1462 895 1466 902 '

281 1004 502 1094 eeptubimuo,
533 1023 595 1072 neo
619 1005 780 1092 receptori
804 1005 975 1091 potiemur,
1001 1024 1063 1072 neo
1079 1005 1169 1092 ipooe
1185 1009 1243 1070 ont
1257 999 1399 1090 iptorum
1495 1033 1497 1038 ·

280 1113 418 1182 nnnoioe
433 1117 492 1182 ont
515 1111 665 1181 nominee
689 1131 749 1200 per
764 1089 1085 1182 omnemdietriott'um
1106 1113 1254 1180 Duoetnu
1285 1111 1400 1192 noun-i,

279 1226 337 1292 oet
350 1239 411 1310 per
424 1219 574 1288 hominen
583 1218 722 1288 momine
737 1219 961 1308 permittemus
980 1227 1093 1288 oontre
1102 1216 1266 1288 dominnm
1276 1217 1398 1305 Regem

282 1328 336 1396 vei
350 1343 431 1396 tuoe
447 1343 673 1412 mooeoeoree5
696 1345 758 1394 neo
776 1325 909 1412 aliquod
924 1327 1095 1395 oonsilinm
1106 1317 1325 1396 uelouxilium
1336 1325 1401 1394 :ini-

282 1433 375 1504 mioin
389 1434 495 1522 ipsine
524 1434 626 1522 Regin
640 1436 693 1503 vei
720 1453 850 1502 enorum
866 1453 1091 1504 euooemorom
1105 1432 1329 1522 impendemus
1344 1439 1402 1501 ont

256 1575 258 1582 ·
281 1543 427 1632 impendi
440 1542 602 1632 potiemur
617 1549 733 1610 oontro
757 1541 923 1610 dominnm
949 1535 1074 1630 Regem
1089 1549 1123 1610 et
1137 1547 1213 1610 eno'e
1229 1559 1400 1608 ennoemo-

278 1653 440 1736 toulon
455 1651 543 1736 qnod
559 1643 650 1718 ‘dune'
673 1657 786 1738 purten
811 1651 924 1719 tributi
939 1657 1055 1738 pontone
1069 1649 1114 1717 ed
1129 1648 1277 1719 Jodnium
1291 1667 1352 1717 noe
1368 1655 1402 1714 et

280 1757 503 1828 commonitu
533 1755 742 1856 venetiorum
772 1758 997 1844 permittemue
1036 1757 1201 1826 dominum
1229 1757 1352 1840 Regem
1368 1763 1403 1822 et

279 1883 360 1936 tuoe
375 1883 583 1936 euooeeeonee
598 1871 631 1933 et
647 1863 795 1933 honines
820 1883 898 1934 enon
914 1866 1018 1955 iptiue
1034 1865 1135 1952 Regio
1150 1865 1282 1934 nomine
1297 1861 1398 1952 peroi-

279 1991 360 2062 pere
374 1973 500 2060 ubsque
523 1971 759 2060 inquietatione
787 1981 819 2043 et
834 1975 1079 2060 oontrmietute,
1106 1973 1193 2042 eiout
1208 1973 1252 2041 eb
1267 1971 1401 2057 entique

278 2089 506 2152 enteoetnoree
521 2080 626 2170 ipuine
635 2081 736 2166 Regio
752 2089 786 2152 et
800 2082 873 2175 ipue
887 2083 975 2150 idem
998 2082 1105 2150 tenuit
1128 2087 1162 2148 et
1177 2080 1333 2168 percepit
1349 2077 1402 2148 Ad

275 2189 434 2275 mojorem
472 2195 582 2258 ouem
621 2189 807 2260 tirmitutem
855 2191 1095 2280 proediotonnm
1136 2189 1263 2256 litteren
1302 2205 1418 2274 pree.

277 2303 388 2374 tentet
412 2304 524 2366 noetio
549 2297 660 2390 sigillo
684 2295 820 2366 feoimne
844 2299 1042 2368 eommuniri.
1059 2299 1181 2366 Dotnm
1204 2295 1352 2364 Venetiie
1368 2297 1402 2363 in

281 2409 393 2474 nostro
410 2403 530 2472 Dneoii
544 2403 672 2474 Palatio
681 2425 768 2474 enno
777 2403 907 2476 Domini
918 2407 1015 2494 1244,
1030 2403 1085 2474 die
1095 2407 1126 2476 6.
1136 2405 1277 2474 intrante
1290 2422 1405 2474 mento

280 2513 443 2601 Au'gneti,
465 2511 611 2588 neonnde
625 2512 824 2584 indietionie.
1144 2551 1149 2559 ·

131 2738 135 2746 .
281 2685 321 2760 (Δ
342 2685 444 2761 „mnes
464 2685 631 2763 peetot'om'¹
654 2687 746 2748 enimtt
757 2689 902 2750 wleneeei
923 2689 1165 2764 oomnkeoyvbtl
1177 2730 1185 2762 ,
1198 2689 1221 2748 t
1234 2689 1295 2746 ket
1306 2685 1401 2745 mi

282 2775 362 2850 une
374 2777 424 2838 IV.
438 2777 511 2836 Belo
521 2777 618 2853 kirtly
630 2779 783 2853 megielelt
791 2779 958 2856 okminyeit
969 2777 1104 2854 Fejtrnei
1115 2778 1188 2838 Coti.
1200 2779 1280 2852 Dipl.
1294 2776 1359 2836 viu
1369 2777 1402 2832 kt

566 2869 885 2931 o.r.oee1.o1v.n.
901 2875 925 2930 t.
938 2889 961 2928 r.
973 2871 1037 2928 not.
1049 2871 1080 2945 n>

708 3171 954 3186 ——unffl
