3154 5030
689 283 848 386 ”Q

204 483 305 565 teris,
323 483 409 568 quod
424 500 527 565 usqne
543 479 587 546 ad
603 479 721 549 festum
737 481 918 566 proximum
933 487 1104 546 venturum
1129 475 1332 544 Resurectio·

207 590 260 657 nis
269 588 450 672 Dominioe,
468 588 511 656 ad
528 589 614 672 quod
629 607 727 675 snper
744 589 805 654 boc
821 587 1055 656 advocavimus
1072 585 1243 655 concilium
1255 585 1332 652 Pre-

207 697 358 780 lotornm,
376 696 418 764 ad
433 715 492 763 uos
504 697 649 781 Regales
666 695 812 780 nuncios,
830 696 884 778 qui
901 695 994 762 nobis
1010 696 1043 761 in
1059 693 1124 761 biis
1139 693 1212 760 vice
1227 692 1333 774 Regia

209 805 355 873 salutare
371 805 542 872 corculum
558 805 704 872 tribuant
713 853 722 886 ,
740 802 946 886 destinares,
971 809 1006 868 ut
1031 801 1202 888 dispositio
1218 805 1332 866 nostra

207 919 300 980 tauto
317 911 441 979 cunctis
456 914 500 978 sit
516 911 657 998 gratior,
684 917 805 994 quanto
829 910 965 994 Regalis
988 909 1114 976 consilii
1130 930 1172 976 ac
1186 907 1331 975 Prelato·

207 1041 277 1086 rum
296 1027 328 1086 et
343 1021 540 1107 Principium
557 1019 654 1088 fuerit
670 1017 809 1105 provida
827 1025 860 1084 et
877 1015 1001 1083 salubri
1011 1015 1249 1084 deliberatione
1259 1034 1332 1083 con·

208 1134 312 1214 cepta.
345 1129 464 1196 Verum
489 1129 572 1194 sicut
596 1145 656 1212 pro
682 1133 770 1195 certo
796 1125 1038 1209 intelleximus,
1064 1121 1275 1191 adversarius
1295 1129 1333 1190 ,et

207 1233 312 1304 bostis
328 1235 479 1304 Ecclesie
494 1234 679 1302 Fridericus
705 1233 810 1301 dictus
829 1225 1028 1320 Imperator,
1054 1232 1110 1314 qui
1135 1231 1170 1296 in
1195 1228 1334 1298 diversis

208 1343 353 1412 aniculis
370 1343 467 1410 matri
484 1342 646 1427 Ecclesic,
661 1342 777 1426 quibus
793 1347 922 1428 potest,
938 1339 1109 1408 conatibus
1126 1338 1332 1426 adversatur,

209 1449 404 1518 universalis
414 1449 563 1522 Ecclesie
577 1449 780 1518 commodum
796 1449 962 1536 proprium
978 1445 1332 1516 extimans-detrimen·

206 1565 284 1644 tum,
299 1565 335 1625 ut
350 1557 576 1626 auctoritatem
592 1558 783 1644 Apostolice
800 1558 895 1627 Sedis
911 1547 1102 1634 annichilet,
1117 1575 1158 1623 ac
1173 1555 1332 1624 unitatem

209 1664 360 1750 scindat,
385 1665 473 1748 quod
488 1666 593 1751 absit,
609 1665 758 1733 Ecclesie
773 1665 955 1751 generalis,
983 1663 1147 1751 prefatum
1163 1663 1334 1730 concilium

208 1775 322 1842 nitimr
337 1772 508 1858 impediri,
533 1771 736 1840 diversarum
754 1763 915 1840 fraudium
932 1790 1063 1838 nenena
1079 1769 1274 1852 conficiens,
1298 1775 1334 1836 ut

208 1887 401 1966 conceptum
426 1888 493 1950 tam
517 1882 565 1968 pii
590 1879 746 1950 desiderii
770 1879 980 1976 propositum,
997 1879 1061 1948 biis
1077 1877 1212 1965 perlusa
1226 1879 1334 1946 Mater

207 1991 360 2060 Ecclesia
375 1990 485 2076 pariat
500 1988 703 2084 abortivum:
720 1995 853 2076 propter
868 1990 956 2072 qnod
972 1987 1084 2074 ipsius,
1106 1986 1162 2071 qui
1177 1987 1333 2056 calcaneo

207 2097 357 2184 Ecclesia
390 2097 540 2164 insidiari
568 2117 632 2164 nou
648 2095 787 2182 desinit,
813 2116 876 2164 non
902 2097 1092 2184 ignorantes
1107 2095 1268 2180 astutias,
1292 2114 1334 2164 ne

204 2211 298 2274 tanta
321 2205 471 2300 Ecclesia
495 2206 661 2289 generalis
687 2205 737 2292 dc¹
757 2203 850 2273 facili
874 2203 945 2272 eins
970 2203 1047 2274 dolo
1063 2203 1222 2292 impedita
1237 2202 1334 2290 depe-

205 2319 300 2398 reat,
327 2323 428 2400 suptr
452 2313 621 2395 omnibus,
647 2312 770 2402 quoad
784 2319 912 2404 tanturn
928 2313 1092 2398 negotium
1100 2313 1333 2396 exequendum

207 2421 395 2508 expediunt,
411 2426 576 2486 annuente
592 2421 744 2506 Domino,
760 2419 934 2506 providere
950 2421 1156 2506 curabimus,
1174 2426 1269 2507 prout
1284 2420 1331 2488 la-

205 2537 255 2597 tor
270 2527 472 2616 presentium
489 2526 683 2596 Celsitudini
698 2529 801 2614 RegIe
817 2529 895 2597 viva
909 2547 989 2596 voce
1005 2527 1133 2616 plenius
1159 2528 1332 2596 intimabit.

206 2634 290 2704 Hinc
316 2641 386 2720 est,
412 2635 502 2720 qnod
525 2635 684 2722 Regnlens
709 2636 949 2704 Excellentiam
974 2655 1128 2722 rogamus
1152 2637 1277 2704 allento
1292 2639 1335 2717 ‚et

207 2745 375 2814 hortamur
390 2743 423 2808 in
438 2742 580 2811 Domino
596 2744 676 2812 Jesu
692 2745 841 2830 Christo,
867 2751 1026 2828 quatenus
1041 2743 1177 2829 litteris,
1202 2745 1232 2811 si
1249 2737 1333 2829 quas

207 2851 373 2938 predictus
390 2849 428 2916 F.
445 2850 489 2916 ad
512 2859 546 2918 te
569 2849 690 2937 prefati
715 2852 896 2920 contrarias
920 2852 1083 2920 vocationi
1109 2849 1241 2920 concilii
1256 2850 1332 2918 diri·

208 2966 275 3044 gat,
291 2941 434 3026 animuin
450 2957 484 3024 in
501 2958 611 3042 aliquo
627 2955 757 3042 penitus
772 2979 838 3025 non
854 2959 1035 3044 inclinans,
1061 2958 1104 3026 ad
1121 2978 1181 3024 nos
1196 2959 1335 3026 nuncios

208 3073 281 3132 tuos
306 3083 409 3148 usque
434 3061 478 3132 cd
502 3064 727 3152 supradictum
752 3065 871 3134 festum
898 3067 1066 3136 destinare
1084 3085 1262 3153 procures,
1285 3065 1334 3132 ita

209 3172 294 3256 quod
319 3192 360 3238 cx
384 3171 447 3240 boc
463 3173 568 3240 Deum
583 3173 641 3240 tibi
658 3171 839 3242 debitorem
856 3181 889 3240 et
904 3175 1090 3264 Ecclesiam
1105 3173 1170 3240 tuis
1186 3173 1334 3239 utilitati·

209 3283 267 3346 bus
285 3279 463 3365 obligatam
480 3281 679 3368 constituas,
706 3303 746 3349 ac
772 3281 874 3348 zelari
890 3281 1044 3347 bonorem
1059 3281 1258 3348 universalis
1274 3279 1334 3348 Ec

208 3387 321 3470 clesie,
339 3389 477 3454 salutem
494 3391 660 3474 propriam
677 3397 711 3458 et
725 3391 839 3476 populi
850 3388 1036 3472 Christiani,
1054 3394 1089 3454 ut
1105 3387 1262 3474 Princeps
1274 3385 1334 3454 Oa·

208 3496 347 3564 tbolicus
363 3493 406 3560 ad
423 3477 526 3564 instar
542 3495 813 3581 predecessorum
828 3504 955 3563 tuorum
971 3495 1079 3582 aptius
1103 3495 1332 3580 comproberis.

207 3602 330 3669 Datum
357 3601 514 3668 Laterani
537 3601 651 3668 Idibus
676 3601 848 3689 Octobris,
867 3597 1093 3690 (Pontificatus
1108 3601 1223 3688 nostri)
1246 3622 1332 3671 anno

210 3709 321 3776 XIIII.
572 3779 578 3804 .

316 3816 354 3882 In
371 3834 399 3880 s.
416 3837 459 3900 m,
479 3815 679 3884 Colomnnno
694 3817 778 3904 Regi
795 3818 880 3886 Duci
896 3819 1080 3888 Sclavenie.

192 3973 204 3994 ’
299 3989 361 4058 (ιιι.
376 3983 979 4066 (tergelyptpange'stlfool‘rheincrid.
993 4013 1030 4052 m.
1044 3995 1066 4051 1.
1079 3995 1108 4050 ι.
1124 3997 1184 4054 1ao.
1197 3995 1232 4067 1.)

642 4254 888 4271 —ffl-
