3154 5030
788 249 854 319 120

239 470 330 520 sens
355 469 429 518 esse
446 447 572 520 debetis
589 455 624 516 et
637 447 735 535 copia
750 445 846 516 uobis
865 445 997 514 dabitur
1020 445 1223 534 inpugnandi
1239 451 1273 513 ot
1290 445 1379 513 exci-

254 557 367 646 piendi
382 565 504 626 contra·
512 555 697 626 huiusmodi
713 555 909 626 testimonia.

361 681 425 740 XV.
439 677 519 752 (Sine
532 678 624 750 dato.)

360 771 583 842 Dilectissimo
608 773 714 840 amieo
739 791 799 842 suo
823 771 956 839 domino
971 771 1022 837 W.
1040 769 1157 839 illustri
1172 771 1379 838 ministeriali

254 883 297 950 dc
312 879 469 950 Arnstein
484 879 521 946 P.
538 877 659 946 Diuiua
684 867 894 948 miseratione
919 876 1032 948 Abbas
1057 881 1224 947 Scotorum
1240 879 1380 946 Wieune

252 996 288 1058 et
302 987 361 1056 on.
378 987 566 1076 Propositus
583 985 876 1074 Ncwinburgensis
892 987 1031 1054 deuotus
1049 987 1219 1055 oraciones
1234 1007 1306 1053 cum
1320 985 1376 1051 ob-

253 1097 379 1181 sequio.
396 1097 583 1166 innotescat
597 1097 762 1164 nobilitati
778 1103 896 1178 uectus,
907 1096 995 1190 quod
1010 1115 1070 1164 nos
1086 1095 1212 1163 iudices
1228 1095 1377 1181 delegati

253 1203 421 1272 adomino
447 1207 540 1291 Papa
564 1211 697 1292 propter
720 1205 960 1272 contumaciam
979 1205 1031 1270 W.
1047 1201 1088 1273 dc
1105 1203 1198 1271 Ouen
1213 1204 1377 1271 Abbatem

253 1315 376 1382 Sancte
392 1311 505 1380 Crucis
520 1331 632 1379 uerum
647 1330 871 1400 possessorem
887 1312 1114 1380 constituimus
1129 1311 1162 1378 io
1178 1309 1299 1396 prediis
1310 1310 1378 1378 illis

253 1424 470 1505 Pomgarlem
490 1439 552 1504 que
570 1417 717 1488 dominus
734 1419 794 1488 (th.
811 1419 854 1486 de
869 1419 969 1486 Altah
986 1419 1093 1488 eidem
1110 1416 1259 1486 Ecclesie
1274 1417 1377 1484 dona·
1463 1455 1467 1462 ·

254 1529 310 1595 uit.
327 1527 420 1596 Vnde
436 1528 629 1596 auctoritate
639 1525 830 1614 Apostolica
844 1527 940 1595 uobis
956 1525 1150 1595 mandamus
1166 1533 1201 1592 ct
1215 1527 1249 1593 in
1265 1526 1378 1593 remis-

193 1663 198 1673 ’
254 1631 379 1708 sionem
395 1643 602 1724 peccatorum
616 1643 798 1704 uestrorum
813 1635 1024 1722 iniungimus,
1038 1634 1244 1704 utAbbatem
1254 1635 1379 1702 Sancte

254 1745 367 1814 (trucis
383 1746 417 1813 iu
432 1745 678 1832 possessionem
692 1743 876 1830 prediorum
893 1744 1021 1813 illorum
1038 1743 1202 1812 inducatis
1227 1749 1262 1810 et
1285 1741 1378 1810 iudu-

253 1861 338 1922 ctum
353 1851 491 1922 uiriliter
507 1851 704 1920 defendatis.

359 1975 437 2034 XVI.
452 1973 545 2048 (12³7.
558 1975 635 2031 eirca
647 1974 862 2049 Nouembrem.)

360 2067 399 2133 P.
414 2066 537 2135 Diuina
553 2067 768 2136 miseracione
787 2067 902 2136 Abbas
927 2068 1098 2136 Scotorum
1114 2066 1252 2136 Wiennc
1267 2072 1301 2134 et
1316 2065 1376 2136 oh.

254 2175 443 2262 Propositus
459 2173 749 2262 Newinburgensis
765 2173 975 2244 Patauiensis
1001 2173 1152 2243 Diocesis
1176 2173 1309 2242 domino
1325 2175 1377 2242 W.

253 2282 350 2349 militi
365 2281 407 2349 de
423 2279 518 2350 Oucn
534 2281 717 2350 Waoiensis
733 2283 885 2352 Diocesis
902 2285 1042 2350 salutem
1057 2283 1091 2349 in
1107 2283 1260 2350 Domino.
1290 2282 1377 2361 Quia

252 2408 408 2476 oausam,
434 2409 496 2474 que
512 2391 649 2459 uertitur
664 2390 748 2459 inter
763 2389 926 2458 Abbatcm
942 2391 1064 2459 Sancte
1079 2388 1193 2456 Οιιιοίι
1210 2395 1243 2457 et
1258 2411 1318 2459 uos
1334 2411 1376 2459 ex

251 2497 358 2566 altera
374 2503 469 2585 parte
485 2515 557 2565 oum
573 2497 708 2566 Decano
724 2497 1008 2583 Nowinburgensi,
1027 2497 1069 2565 de
1085 2497 1175 2564 cuius
1191 2497 1286 2566 uobis
1302 2515 1375 2564 con·

252 2605 338 2672 stitit
352 2605 561 2675 necessitatis
578 2605 730 2674 absentia
739 2653 749 2690 ,
776 2607 966 2677 aRomana
982 2606 1081 2674 Curia
1097 2606 1300 2692 suscepimus
1314 2611 1378 2673 ter·

251 2713 459 2792 minuendam,
484 2721 517 2783 ct
536 2733 600 2781 uos
625 2713 736 2799 sepius
761 2714 856 2781 citati
880 2734 902 2780 a
925 2715 1021 2783 nobis
1046 2721 1191 2782 nostrum
1206 2713 1376 2801 spreuistis

252 2819 461 2904 mandatum,
502 2817 616 2886 Abbas
639 2819 673 2884 in
697 2817 941 2906 possessionem
966 2820 1152 2907 prediorum
1169 2819 1376 2908 Pomgarten,

253 2926 429 3010 dequibus
447 2925 573 3010 questio
591 2929 737 3012 uertitur,
755 2927 996 3014 primoanobis
1006 2930 1116 2997 induci
1126 2929 1274 2997 obtinuit.
1284 2929 1377 2996 Nunc

252 3054 331 3104 uero
348 3035 462 3120 elapso
477 3052 565 3100 auno
581 3039 748 3104 crescente
763 3033 862 3122 culpa
886 3041 919 3103 et
943 3043 1056 3106 uestra
1082 3037 1289 3108 contumacia
1303 3057 1377 3104 con·

251 3142 383 3209 stitutus
400 3147 452 3208 est
468 3161 489 3207 a
505 3140 599 3209 nobis
615 3160 711 3210 uerus
727 3159 909 3229 possessor,
926 3151 960 3211 ct
975 3152 1146 3214 reseruata
1161 3149 1212 3212 est
1227 3143 1376 3213 nobisde

250 3257 364 3318 nostro
379 3247 538 3318 beneficio
568 3249 697 3334 questio
716 3249 936 3338 proprietatis.
970 3255 1105 3340 Propter
1131 3251 1217 3337 quod
1242 3251 1377 3321 manda·

250 3377 320 3428 mus
332 3361 425 3428 uobis
435 3360 495 3429 sub
505 3379 592 3446 pena
603 3360 956 3446 excommunicationis,
973 3381 1015 3430 ne
1025 3363 1186 3430 Abbatem
1197 3362 1253 3430 uel
1268 3363 1376 3429 llona

251 3469 388 3536 sterium
405 3469 525 3536 Sancte
540 3466 654 3534 (trucis
668 3487 767 3552 super
782 3467 905 3552 prediis
922 3471 988 3536 illis
1013 3469 1047 3537 in
1073 3471 1290 3557 Pomgarten,
1312 3488 1377 3553 que

253 3575 404 3643 domiuus
420 3575 478 3644 (lh.
494 3576 536 3645 de
546 3576 646 3644 Altah
662 3575 711 3643 illi
727 3575 876 3646 Ecclesia
891 3579 1036 3664 contulit,
1061 3577 1243 3662 inquietare
1258 3579 1375 3645 ullate-

251 3701 312 3749 nus
327 3682 537 3768 presumatis,
554 3682 699 3766 alioquin
711 3689 931 3770 contemptum
942 3693 975 3754 et
985 3685 1223 3754 contumaciam
1233 3691 1376 3754 cosmam

251 3790 355 3876 digna
368 3788 653 3858 animaduersione
668 3791 924 3861 coherccbimus.

358 3910 451 3969 xvn.
466 3911 549 3985 (sris
561 3913 653 3987 osso.)

357 4004 550 4074 Reuerendo
575 4007 609 4074 in
634 4006 765 4077 (thristo
789 4009 875 4094 patri
890 4030 931 4078 ao
946 4008 1076 4078 domino
1094 4028 1152 4078 suo
1170 4008 1213 4076 ll.
1241 4027 1378 4078 venera·
1397 4072 1399 4076 .

249 4113 310 4181 bili
324 4113 488 4201 Episcopo
504 4114 670 4183 Waoiensi
685 4117 723 4183 P.
734 4114 798 4184 Dei
813 4117 928 4204 gracia
936 4118 1049 4186 Abbas
1059 4117 1230 4186 Scotorum
1239 4115 1378 4187 Wieune

48 4215 52 4226 '
172 4281 177 4288 .
251 4230 284 4290 ct
301 4222 359 4290 ch.
378 4222 568 4309 Propositus
582 4223 874 4313 Newinburgensis
890 4227 1030 4296 deuotas
1054 4228 1226 4296 oraciones
1241 4247 1314 4294 cum
1329 4225 1377 4292 oli·

249 4332 391 4398 lectione
406 4331 509 4400 filiali.
526 4333 661 4401 Noucrit
677 4334 843 4402 Sanctitas
859 4343 970 4404 uestra
979 4387 989 4424 ‚
1003 4337 1089 4423 quod
1105 4353 1166 4403 nos
1180 4333 1306 4402 iudices
1321 4333 1377 4402 de·

251 4439 354 4523 legati
370 4461 391 4508 a
406 4441 505 4509 (turia
521 4443 671 4511 Romana
687 4461 787 4529 super
803 4461 914 4526 causa,
935 4463 997 4528 quc
1013 4445 1151 4516 uertitur
1166 4444 1251 4510 inter
1265 4439 1377 4509 Abba·

250 4553 319 4612 tem
341 4547 462 4615 Sancte
486 4548 599 4619 Crucis
623 4552 846 4619 Pattauiensis
871 4553 1023 4622 Diocesis
1047 4559 1081 4620 et
1104 4553 1154 4618 W.
1170 4549 1309 4618 militem
1334 4547 1377 4616 de
