3220 5058
730 241 880 345 ‚Ji-

238 439 280 508 lis
296 437 515 522 pertransire,
539 455 638 526 super
653 437 715 504 hoo
730 437 822 533 iusta
838 437 938 530 oflicii
953 440 1055 528 nostri
1072 439 1233 532 debitum,
1251 451 1361 512 actore

236 545 378 616 Domino
402 545 625 632 procedemus.
655 547 777 616 Datum
802 547 939 617 Viterbii
963 549 1067 618 XVII.
1094 551 1161 620 kal.
1188 552 1360 632 Februarii

236 649 462 740 (Pontificatus
477 652 596 742 nostri)
613 673 700 722 anuo
716 675 812 723 nono.

306 827 368 903 (IX.
388 831 515 905 Gergely
534 827 610 904 pdpa
626 829 814 906 Regcstdibdl
832 831 957 890 Tbeiner
975 833 1012 892 id.
1032 853 1069 892 m.
1089 833 1112 890 1.
1130 833 1158 890 k.
1177 833 1291 910 1421.)

657 1053 881 1066 uun—m

768 1301 821 1366 12.

227 1465 285 1528 IX.
304 1464 437 1552 Gerpaly
447 1469 539 1549 pdpa
554 1463 707 1530 Kdlmdot
731 1463 880 1550 palioziui
897 1463 1017 1552 cinopo
1034 1465 1065 1530 ta
1080 1463 1258 1529 szlavonice·
1281 1470 1347 1529 ber·-

226 1571 361 1657 baezeqat
385 1571 447 1635 inti
456 1619 466 1649 ,
489 1568 570 1657 bopy
586 1593 607 1633 a
622 1571 936 1658 templomocrendttek
953 1571 1122 1638 erdokebeu
1136 1570 1234 1636 toruo
1250 1591 1348 1658 epycu-

591 1679 674 1761 adpet
687 1685 868 1762 meptnriau.
885 1678 982 1741 1236.

331 1852 510 1942 Gregorius
536 1853 717 1941 Episcopus
734 1861 795 1919 etc.
821 1851 989 1920 carissimo
1006 1852 1040 1917 in
1058 1851 1187 1920 Christo
1202 1851 1269 1918 tilio
1286 1851 1346 1920 Go-

222 1965 353 2030 lomano
369 1961 491 2030 illustri
506 1963 589 2048 Regi
605 1962 826 2028 Ruthenomm
842 1980 883 2027 ac
901 1961 983 2026 Duci
999 1951 1192 2038 Sclavenie,
1209 1959 1347 2030 sulutem

220 2078 282 2137 otc.
310 2068 385 2137 Non
401 2069 594 2152 diffitemur,
611 2069 688 2154 quin
704 2070 850 2158 graviter
865 2067 1056 2154 doleamus,
1075 2069 1104 2135 si
1122 2069 1235 2152 aliqua
1250 2069 1345 2138 nobis

217 2177 318 2245 saluti
334 2185 387 2244 tue
405 2198 445 2244 ae
462 2175 549 2246 fame
570 2177 732 2245 contraria
757 2177 956 2263 referuntur,
982 2196 1053 2242 oum
1070 2195 1113 2243 ex
1129 2175 1193 2242 biis
1210 2195 1273 2262 qne
1289 2197 1344 2244 uo-

217 2285 270 2352 bis
284 2284 443 2353 bactenns
460 2293 537 2353 sunt
563 2287 669 2353 reluta
678 2335 686 2368 ,
714 2305 816 2370 usque
833 2285 918 2353 adeo
934 2293 967 2353 te
983 2286 1016 2352 in
1031 2285 1146 2351 timore
1161 2283 1273 2351 Divini
1287 2305 1343 2352 no-

214 2391 311 2458 minis
327 2398 362 2456 et
378 2392 606 2460 ecclesiastice
615 2393 779 2460 libertatis
794 2393 983 2459 reverencia
996 2389 1179 2458 radicatum
1190 2409 1264 2458 esse
1275 2411 1341 2459 crc-

213 2499 330 2566 damus
339 2545 350 2582 ,
374 2504 410 2566 ut
428 2501 462 2565 in
477 2499 598 2571 Diuiue
614 2501 798 2570 Maiestatis
816 2498 976 2567 offensam
993 2499 1163 2584 insurgere
1181 2497 1340 2582 aliquate-

212 2623 274 2672 nus
283 2625 350 2672 non
360 2625 541 2692 presumas.
559 2609 651 2674 Sicut
666 2609 753 2674 enim
770 2607 883 2676 dilecti
899 2607 958 2676 filii
976 2655 983 2670 .
1001 2657 1009 2674 .
1027 2656 1034 2672 .
1053 2605 1210 2692 Magister
1226 2612 1259 2673 et
1274 2605 1339 2672 irn-

210 2718 277 2782 tres
302 2712 418 2780 militie
444 2713 573 2800 Templi
597 2715 631 2780 in
659 2713 807 2799 Ungaria
834 2721 866 2781 et
891 2715 1070 2782 sclavonia
1085 2713 1180 2780 nobis
1196 2712 1340 2800 graviter

208 2828 283 2888 sunt
299 2822 481 2906 conquesti,
499 2841 571 2888 cnm
588 2823 651 2912 ipsi
667 2843 767 2910 super
778 2823 975 2908 quibusdam
985 2822 1083 2904 villis,
1094 2821 1253 2904 domibus,
1264 2838 1337 2912 pos·

207 2926 422 3016 sessionibus,
438 2931 535 2996 terris
552 2936 585 2997 et
600 2932 699 3000 rebus
716 2931 802 3018 aliis,
820 2931 938 3017 quibus
954 2949 975 2996 e
991 2939 1034 3014 te,
1050 2936 1086 2995 ut
1096 2933 1258 3012 asserunt,
1268 2925 1336 2994 iue-

207 3042 281 3102 rant
297 3037 440 3121 spoliati,
457 3037 562 3122 primo
579 3037 623 3105 ud
639 3045 671 3106 te
688 3040 892 3125 monitorias,
907 3045 941 3107 et
956 3037 1162 3125 postmodum
1178 3035 1222 3102 ad
1238 3053 1335 3102 vena·

206 3143 344 3212 rabilem
376 3142 512 3211 fratrem
542 3153 766 3214 nostrum...
800 3149 1014 3216 Coloccusem
1046 3143 1334 3228 Arcbiepisoopnm

207 3248 341 3331 eiusque
367 3247 514 3337 collegas
540 3253 747 3326 executorias
774 3255 913 3322 anobis
939 3255 1068 3322 litteras
1084 3251 1333 3335 impetrassent:

205 3355 333 3422 demum
349 3356 434 3424 inter
449 3365 561 3444 partes
577 3362 772 3450 compositio
791 3361 976 3428 amicabilis
993 3357 1188 3447 intervenit,
1213 3371 1278 3436 que
1297 3353 1333 3419 li·

205 3469 258 3530 cet
282 3484 302 3530 a
328 3461 415 3532 Sede
431 3465 624 3552 Apostolioa
640 3469 741 3536 inerit
757 3467 969 3552 confirmata,
994 3485 1068 3530 eam
1092 3469 1219 3544 tamen,
1245 3457 1333 3544 quod

203 3569 259 3636 vix
273 3571 408 3641 credero
433 3592 626 3658 possumus,
655 3595 790 3644 servaro
814 3595 879 3642 non
905 3579 999 3641 curat
1023 3571 1130 3658 Regia
1155 3565 1331 3653 Celsitudo,

202 3685 316 3746 contra
342 3679 477 3746 verbum
503 3683 608 3768 Regin
633 3684 802 3760 veritatis,
829 3685 916 3770 quod
932 3701 993 3750 nec
1010 3682 1106 3750 decet
1121 3697 1181 3744 nec
1197 3675 1330 3764 expedit

200 3791 314 3872 utpote
330 3785 416 3852 tame
433 3788 630 3857 contrarium
647 3797 680 3856 et
697 3792 794 3858 saluti
811 3791 956 3860 indebite
972 3788 1143 3858 veniendo.
1168 3785 1329 3866 Quocirca

200 3891 417 3959 Serenitatem
442 3901 532 3962 tuam
551 3899 735 3984 rogandam
752 3899 905 3966 duximus
923 3906 955 3965 et
972 3894 1172 3964 monendum
1182 3945 1191 3979 ,
1217 3899 1327 3978 quate·

198 4018 258 4066 nus
276 3999 544 4084 compositionem
561 4003 668 4089 ipsam
684 4005 819 4074 studeas
835 4005 970 4073 firmiter
982 4005 1170 4088 observare,
1181 4003 1229 4068 ita
1239 4001 1326 4085 quod

198 4107 356 4193 Regalcm
383 4108 622 4179 Excellentiam
648 4115 879 4182 commendere
903 4115 1017 4182 merito
1029 4111 1226 4180 debeamus:
1243 4107 1324 4176 alio·

197 4215 275 4300 quin
291 4221 577 4302 quantumcunque
594 4221 653 4288 tibi
671 4221 803 4290 deterre
819 4223 967 4308 velimus,
985 4222 1062 4306 quia
1076 4225 1189 4284 tamen
1206 4216 1273 4282 illis
1289 4215 1322 4282 in

196 4339 255 4388 suo
271 4321 340 4388 iure
356 4324 474 4392 deesse
490 4347 555 4393 non
571 4329 754 4415 possimne,
781 4331 837 4414 qui
852 4349 963 4398 sumus
980 4325 1130 4396 omnibus
1147 4323 1180 4390 in
1197 4322 1323 4388 iustitia

194 4427 369 4514 debitores,
385 4431 514 4499 dilectis
530 4429 608 4501 filiis
625 4485 632 4500 .
650 4485 658 4504 .
677 4486 685 4501 .
702 4437 911 4507 Waradiensi
928 4447 984 4505 et.
1003 4482 1011 4499 .
1029 4481 1036 4498 .
1056 4431 1099 4498 dc
1116 4427 1255 4497 Oicador
1270 4427 1321 4495 Oi·

194 4537 382 4606 sterciensis
408 4537 540 4610 Ordinis
565 4543 751 4616 Abbatibus
775 4535 1140 4631 Quinqueecolesionsis
1155 4533 1319 4616 Dioceois,
