3140 5044
682 315 826 424 ,·.¹l.¹.·„

201 515 351 584 Mauricii
367 514 573 601 privilegium
583 513 704 582 Sancti
720 513 879 600 Ladislsij
906 513 1005 600 Regis
1030 511 1247 582 adslominum
1257 513 1319 580 llo-
1363 513 1367 519 ’

198 641 272 709 gem
287 621 331 688 ad
347 621 569 688 constanciam
595 621 757 690 libertatis
778 625 955 688 memorate
965 619 1043 687 villo
1053 620 1186 688 Endred
1202 641 1319 709 appor-

198 730 299 813 teuit,
324 727 585 800 exclamantibus
611 747 739 815 semper
762 725 893 816 populis
909 727 997 795 dicte
1023 725 1101 794 ville
1113 725 1320 814 jobagionoli

196 837 350 904 libertato
367 855 402 902 se
429 834 568 900 fulcitus.
596 833 647 900 Ad
663 853 745 920 quos
771 833 920 902 dominus
947 835 1016 902 Rex
1032 835 1174 903 intentus
1189 836 1319 920 privile-

194 944 283 1028 gium
299 943 364 1010 iam
381 939 503 1010 dictum
517 940 669 1028 Philippo
696 943 870 1026 Proposito
886 941 1078 1010 Dimisicnsi
1093 949 1127 1011 et
1142 942 1313 1010 (lancello-

195 1051 243 1117 rio
259 1050 383 1136 Regino
399 1051 496 1117 iussit
510 1047 747 1134 inspiciendum
764 1058 798 1116 et
813 1049 908 1116 nobis
925 1069 995 1116 cum
1017 1049 1132 1118 eodem
1149 1049 1316 1118 effectude

193 1157 276 1242 ipsis
307 1157 523 1226 iudicandum.
540 1157 707 1244 Philippus
723 1164 833 1224 antem
854 1159 1045 1243 Propositus
1061 1165 1257 1226 memoratus
1272 1160 1318 1226 in·
1427 1183 1429 1186 ·

197 1265 342 1352 spiciens
358 1265 564 1350 privilegium
583 1281 661 1349 sepe
678 1265 797 1332 dictum
814 1263 939 1331 inuenit
964 1266 1151 1334 libertatem
1171 1267 1317 1352 ipsorum

199 1373 468 1442 conditionaliter
494 1372 676 1454 eonditum,
709 1373 792 1440 sicut
816 1372 964 1441 dominus
989 1373 1102 1441 Abbas
1119 1371 1317 1440 affirmabat.

196 1481 285 1561 Quos
317 1483 409 1549 iuxta
438 1481 616 1550 lecciouem
642 1481 803 1567 privilegii
831 1481 864 1548 in
886 1477 1029 1549 officium
1060 1481 1232 1568 pristinum
1250 1499 1318 1546 una

200 1609 370 1676 cumpenu
385 1591 472 1656 tonsi
490 1589 619 1674 cepitis,
636 1589 720 1655 siout
730 1589 764 1653 in
779 1587 1033 1674 ipropriuilegio
1048 1589 1236 1670 continetur,
1247 1586 1320 1654 red·

197 1697 323 1765 diturus
354 1697 559 1765 decreuimus
589 1695 755 1764 antedicto
771 1695 920 1764 Ecclesie
937 1697 1182 1784 perpetualiter.
1198 1694 1319 1778 Neigi·

199 1813 249 1872 tur
282 1806 387 1873 series
417 1805 513 1872 huius
539 1805 681 1890 caligine
712 1805 894 1888 imbuatur,
928 1805 988 1872 sed
1010 1806 1043 1872 in
1058 1810 1221 1890 posterum
1247 1803 1321 1868 ubs-

202 1931 265 1996 que
281 1913 430 1980 mocione
456 1912 582 1998 fulgeat
605 1911 783 1994 euidenter,
793 1911 920 1978 litteras
944 1917 1074 1978 nostrus
1100 1910 1201 1994 sigilli
1216 1909 1320 1976 nostri

199 2021 372 2088 munimine
388 2019 582 2088 indulsimus
606 2001 786 2090 roboratus.
803 2022 897 2089 Anno
917 2021 1029 2107 grume
1045 2017 1317 2106 n⁰oc⁰xn⁰vlt

186 2251 190 2260 ·
323 2213 467 2286 (Eredetie
480 2231 498 2271 a
510 2213 727 2274 ssent-mlrtoni
738 2210 894 2288 coepturis
906 2209 1128 2284 levtlttrtboo.)

640 2514 885 2522 —Q---ffl

196 3141 256 3209 IV.
274 3143 357 3210 Belo
372 3141 479 3231 airuly
493 3144 631 3211 Kuemtr
645 3151 727 3206 occa
749 3139 918 3206 birtokualc
933 3142 1076 3208 ancora
1091 3141 1210 3232 huppla
1235 3143 1317 3231 help.

667 3247 730 3313 beo.
749 3249 846 3313 1247.

301 3429 383 3496 Bela
396 3425 459 3522 Dei
475 3423 589 3512 macie
615 3425 777 3508 Vngurie,
809 3423 1002 3509 Dalmacie,
1034 3423 1315 3512 Groneie,.lleme,

194 3537 319 3622 Seruio,
330 3535 479 3620 Gallicis,
491 3533 696 3617 Lodomerie‚
707 3529 931 3614 (iumentoque
941 3533 1011 3600 Rex
1021 3533 1181 3601 universis
1193 3532 1315 3601 coristi

194 3642 345 3710 fidelibus
356 3643 493 3710 sulutem
511 3642 545 3707 iu
562 3661 612 3724 eo,
630 3640 685 3724 qui
703 3646 755 3707 est
770 3641 861 3708 salus
872 3640 1054 3710 omniumet
1069 3640 1146 3708 vito.
1157 3641 1316 3710 Effectum

197 3751 288 3817 iusta
303 3748 546 3835 postulantibus
561 3747 740 3834 indulgere,
758 3753 824 3814 tam
836 3745 929 3832 vigor
939 3748 1104 3833 equitatis,
1120 3769 1216 3834 quam
1237 3746 1315 3817 ordo

197 3856 299 3940 exigit
314 3855 461 3939 rationis,
478 3855 649 3943 presertim
676 3875 746 3923 oum
762 3855 947 3942 petencium
962 3863 1038 3924 vota
1054 3863 1087 3924 et
1102 3856 1210 3944 pietas
1226 3856 1315 3924 odiu-

197 3971 271 4048 vet,
296 3970 329 4030 et
353 3963 483 4030 iusticia
504 3983 572 4050 non
597 3963 761 4048 relinquit.
787 3961 872 4030 Hinc
898 3969 967 4050 est,
990 3964 1076 4050 quod
1090 3964 1134 4033 ad
1148 3963 1315 4033 uniuerso·

196 4090 267 4139 rum
282 4077 350 4140 tom
376 4070 600 4158 presencium,
618 4091 716 4156 quem
732 4071 909 4140 futororum
926 4073 1079 4140 noticiam
1094 4073 1209 4140 horum
1226 4077 1315 4140 teno-

199 4198 235 4245 re
250 4179 400 4246 rolumns
415 4180 594 4264 pervenire,
610 4180 698 4264 quod
711 4181 858 4250 lacobus
873 4177 958 4247 filius
975 4177 1104 4248 Ombud
1121 4199 1193 4248 oum
1208 4179 1314 4247 iratri-

194 4285 254 4352 bus
270 4285 359 4366 suis,
390 4287 498 4355 Reuss
522 4286 607 4354 lilius
632 4287 725 4355 Pauli
742 4307 813 4355 oum
830 4286 987 4356 fratribus
1003 4289 1093 4372 suis,
1132 4295 1165 4356 et
1179 4285 1237 4352 lilii
1253 4287 1313 4354 Zo-

193 4393 322 4478 boslou,
337 4393 529 4463 Ambrosius
545 4415 617 4462 oum
634 4395 788 4464 frutribus
804 4395 881 4479 suis,
898 4415 1009 4463 corum
1024 4395 1117 4463 nobis
1145 4393 1314 4461 constituti

194 4499 363 4582 dixerunt,
386 4499 474 4586 quod
489 4501 655 4587 quandam
671 4513 790 4570 terrum
809 4521 921 4570 eornm
935 4501 1166 4570 hereditariam
1176 4501 1219 4566 ed
1236 4519 1313 4584 qua·

193 4611 267 4678 tuor
283 4616 395 4678 aratro
411 4608 634 4695 sufficientem,
650 4629 713 4696 que
729 4611 868 4680 Gazmer
892 4611 1098 4698 appelletur,
1123 4625 1220 4690 quom
1245 4608 1312 4692 qui·
