3140 5044
186 977 303 1042 Ludrio
311 973 465 1060 mutuet
473 971 557 1060 fcldt
574 973 681 1054 associo
697 971 910 1058 telojdoooscs'
923 971 1082 1062 bcoclh'ctk
1093 975 1154 1042 IV.
1167 975 1308 1044 Borati-

368 1083 442 1168 rdly
457 1083 573 1148 reszerc
588 1104 609 1146 c
625 1080 726 1148 dadai
739 1080 897 1166 raptatos
913 1080 996 1147 adu.
1022 1083 1119 1148 1250.

623 1257 874 1327 ABCD

296 1405 466 1472 Vniuersis
483 1423 620 1490 presens
635 1405 789 1490 scriptum
820 1404 1016 1489 inspecturis
1042 1402 1228 1490 Capitulum
1245 1403 1307 1470 Ec·

186 1513 288 1580 ciesie
309 1512 470 1578 Budensis
486 1511 625 1578 salutem
641 1511 674 1577 in
690 1511 840 1577 Domino.
858 1511 1085 1578 insinuacione
1101 1513 1306 1596 presencium

184 1617 390 1688 uniuersitati
413 1621 523 1685 vestre
542 1616 773 1703 significamus,
795 1617 880 1700 quod
905 1639 977 1685 curn
1003 1616 1117 1705 Hozug
1132 1619 1174 1686 de
1189 1619 1307 1686 Ludan

187 1746 249 1812 pro
264 1719 301 1792 sc
319 1733 350 1791 et
364 1745 425 1814 pro
441 1724 558 1792 Zoltan
575 1724 676 1792 tratre
692 1745 761 1810 sno,
778 1724 974 1792 Benedictus
990 1745 1050 1809 pro
1067 1746 1103 1792 se
1120 1733 1153 1792 et
1163 1747 1221 1811 pro
1237 1729 1308 1796 Sto·

149 1853 152 1860 ’
186 1832 299 1920 phano
316 1832 416 1898 tratre
432 1851 492 1899 suo
507 1831 549 1899 dc
565 1833 682 1899 eadem
697 1833 790 1918 pilia,
817 1833 861 1898 ab
886 1853 952 1900 vna
968 1839 1071 1918 partc;
1089 1831 1171 1899 Pani
1195 1832 1308 1917 pleba-

184 1961 245 2008 nus
260 1937 303 2006 de
320 1941 414 2026 Papa
430 1947 463 2008 et
475 1939 648 2008 Dcodatus
659 1939 700 2005 de
711 1941 851 2026 Storgoa
868 1946 1096 2027 procuratores
1112 1937 1235 2006 domini
1247 1939 1308 2005 Re-

185 2049 238 2133 gis
255 2068 295 2134 err
311 2047 420 2113 altera
436 2066 547 2114 coram
564 2046 660 2114 nobis
677 2043 816 2113 fuissent
833 2044 1010 2130 constituti;
1027 2044 1143 2129 Honng
1160 2051 1194 2111 et
1209 2045 1299 2112 Bene

186 2141 292 2222 dictus
317 2153 500 2237 supradicti
524 2154 666 2221 confessi
691 2159 785 2236 sunt,
810 2153 896 2236 quod
911 2151 1122 2220 medictatem
1140 2160 1225 2219 terre
1242 2151 1303 2218 Lu·

185 2259 250 2328 dan
266 2259 358 2325 iuxta
384 2259 467 2344 Ypui
485 2257 668 2341 existentis,
698 2279 762 2342 quc
777 2259 868 2344 ipsos
884 2259 954 2326 iure
971 2259 1170 2327 hereditario
1188 2260 1307 2326 contin·

184 2367 304 2454 gebat,
329 2367 462 2434 domino
479 2367 564 2452 Regi
579 2365 788 2434 vendiderint
803 2385 863 2452 pro
876 2373 950 2435 octo
960 2367 1081 2436 marcis
1096 2368 1226 2453 argenti
1237 2386 1307 2453 per·

186 2473 584 2562 henniterpossidendam,
592 2473 769 2542 eteandem
780 2493 939 2542 summam
948 2475 1087 2560 pecunie
1102 2495 1159 2564 per
1169 2475 1308 2540 Paolum

183 2585 358 2670 plebanum
374 2588 409 2648 et
428 2582 613 2648 Deodatum
629 2582 670 2649 de
687 2583 827 2664 Stergoa
843 2582 890 2648 eis
907 2583 949 2648 ad
967 2584 1099 2669 plenum
1115 2581 1217 2648 tuisse
1233 2601 1305 2667 per-

184 2691 334 2758 solutam.
360 2689 571 2776 Inspeximus
588 2690 691 2757 eciam
712 2695 844 2756 tonores
869 2689 1051 2757 litterarum
1067 2687 1189 2756 domini
1205 2689 1307 2774 Regis

183 2796 277 2865 nobis
306 2795 544 2880 exhibitarum,
571 2795 658 2879 quod
673 2795 831 2864 medietas
852 2797 981 2881 pretate
1006 2804 1094 2864 terre
1111 2794 1227 2862 Lndan
1250 2815 1310 2881 per

176 2903 357 2970 ‘Martinum
373 2901 474 2968 filium
484 2902 600 2984 Zeura,
613 2902 705 2968 cuius
716 2901 995 2987 suithereditaria,
1008 2901 1069 2970 tuit
1079 2901 1159 2972 data
1175 2901 1308 2970 domino

104 3069 108 3077 ,
183 3011 264 3093 Regi
280 3009 313 3075 in
330 3009 556 3076 concambium
573 3009 743 3077 cuiusdam
760 3017 856 3090 terre,
875 3029 939 3094 que
956 3009 1039 3078 Hurt
1054 3018 1105 3078 est
1124 3010 1305 3096 appellata.

184 3118 227 3184 Vt
242 3117 345 3203 igitur
360 3116 469 3184 omnia
480 3117 670 3205 supradicta
681 3125 839 3205 perpetue
849 3116 1009 3187 firmitatis
1019 3117 1117 3185 robur
1128 3119 1308 3204 optineant,

183 3223 226 3292 ad
243 3223 440 3312 peticionem
455 3225 752 3309 prenominatorum
777 3219 1025 3310 procuratorum
1042 3231 1075 3290 et
1091 3224 1307 3291 vendentium

185 3339 357 3420 presentes
383 3333 605 3402 concessimus
629 3335 758 3404 litteras
784 3332 887 3419 sigilii
902 3332 1008 3400 nostri
1023 3330 1202 3398 munimine
1217 3333 1308 3398 robo-

183 3447 286 3510 ratas.
307 3444 426 3511 Datum
451 3461 512 3528 per
526 3463 641 3511 manns
663 3443 811 3529 magistri
827 3440 992 3527 Ambrosij
1019 3439 1166 3506 Lectoris
1178 3491 1187 3526 ,
1219 3460 1308 3506 anno

181 3549 293 3634 gracie
312 3549 497 3618 Millssimo.
513 3549 576 3620 00.
593 3547 873 3636 quinquagesimo.
889 3549 1000 3615 Aaron
1011 3543 1161 3634 (tantors,
1176 3545 1304 3613 Thomu

95 3721 98 3726 A
183 3649 285 3726 ter'cio
300 3655 452 3743 Custode,
471 3657 575 3726 Paulo
591 3657 736 3744 Decano,
752 3663 785 3726 et
800 3657 919 3726 ceteris
935 3653 1161 3726 existentibus.

292 3831 402 3902 Jepyret.
413 3831 558 3898 ‚Ersdetis
570 3831 735 3905 bdrirdrtys,
747 3831 881 3905 malynelr
894 3832 986 3890 eltttnt
998 3831 1114 3906 peesdte
1127 3849 1162 3889 an
1176 3830 1237 3890 alul
1251 3829 1306 3889 tol-

186 3918 293 3992 hajtott
304 3917 453 3992 hartytrot
465 3921 589 3995 fflggttt.
603 3921 739 3979 Metssett
751 3919 837 3980 lovel.

390 4077 430 4152 (Α
447 4079 554 4140 kokkti
571 4081 772 4142 lordlttrban:
791 4081 880 4141 roso.
895 4083 919 4141 t.
935 4098 963 4138 u,
977 4081 1004 4141 1.
1017 4069 1112 4155 driu.)

647 4339 849 4355 -1--10
