3210 5018
245 911 377 1001 filippus
391 915 548 980 amatrici
556 911 682 998 bmcacp
692 911 826 977 Konrcid
834 907 999 996 ldrdiyboa
1009 931 1191 996 opyososoo
1202 911 1365 998 coryphae:

759 1019 855 1083 1241.

353 1199 506 1266 Glorioso
522 1199 654 1268 domiuo
671 1216 730 1264 suo
744 1197 905 1281 Conrado,
923 1197 991 1264 divi
1000 1195 1143 1283 Augusti
1153 1193 1303 1264 Foderici
1313 1195 1369 1264 Se·

244 1304 405 1374 reuiseimi
421 1306 634 1391 Imperatoris
648 1305 866 1374 Romanorum
888 1302 954 1370 filio
966 1303 1001 1368 in
1011 1303 1135 1390 Regem
1151 1304 1374 1372 Romanorum

245 1414 350 1482 electo
379 1412 566 1486 Fridericus
591 1410 655 1478 Dei
671 1410 785 1498 gracia
800 1413 876 1479 Dux
909 1411 1039 1480 Austris
1055 1460 1064 1495 ,
1097 1417 1130 1478 et
1146 1410 1322 1496 Styreosiri
1340 1419 1375 1480 ct

246 1520 397 1590 domiuus
414 1521 636 1588 Osmioleusis
653 1540 725 1590 cum
741 1519 922 1588 devocione
939 1521 1068 1587 sincera
1083 1519 1372 1606 promptitudinem

247 1627 420 1700 serviundi.
437 1629 669 1698 Univereorum
685 1631 818 1698 domino
834 1630 914 1698 Jesu
934 1629 1074 1706 Christo,
1094 1629 1150 1714 qui
1166 1645 1245 1696 suos
1258 1625 1375 1696 tidelm

248 1737 468 1825 multiplieiter
484 1741 698 1806 examinatio
715 1737 851 1820 affectu,
876 1749 990 1822 grates
1006 1737 1202 1804 exsolvimus
1219 1754 1374 1820 quasve·

247 1849 370 1926 lemos,
397 1847 451 1930 qui
476 1848 570 1915 vobis
586 1855 619 1914 et
634 1846 794 1914 universis
811 1845 1019 1930 Principibus
1035 1843 1148 1912 tribuit
1163 1844 1375 1928 intellectum

249 1956 335 2038 quod
351 1977 411 2041 pro
428 1955 622 2024 defensione
637 1955 777 2023 nominis
793 1954 937 2022 crncifixi
962 1963 995 2021 et
1019 1954 1149 2020 honoris
1174 1933 1310 2038 Imperii*
1320 1973 1375 2020 ae

249 2063 346 2130 uincti
371 2065 451 2131 estis
467 2063 608 2130 feliciter
626 2073 659 2144 et
674 2069 834 2150 potenter.
849 2063 891 2128 llt
906 2065 983 2146 quio
998 2061 1040 2129 ‹le
1055 2067 1144 2130 stetu
1159 2069 1193 2128 et
1208 2079 1375 2148 processu,

248 2187 309 2236 nec
325 2190 389 2236 uon
406 2179 439 2240 et
455 2171 584 2238 actibus
600 2173 833 2248 Teucrorum,
848 2191 908 2256 per
925 2189 1005 2254 quoe
1021 2171 1167 2253 Regnum
1182 2168 1376 2254 Hesperum

248 2295 364 2344 verens
388 2285 501 2363 partes
517 2279 650 2344 boemie
675 2277 884 2346 ascendendo
908 2297 967 2364 per
992 2276 1180 2344 Danubium
1205 2283 1257 2342 cet
1275 2262 1377 2360 depe-

250 2390 350 2468 stum,
368 2391 402 2450 et
417 2386 451 2452 in
467 2384 708 2453 desolacioucm
724 2387 884 2454 transisse
901 2385 1081 2454 dinoscitur
1095 2385 1283 2470 generalem
1294 2433 1309 2468 ,.
1320 2401 1374 2449 ve·
1492 2417 1497 2424 ·

251 2500 319 2560 stra
336 2491 506 2560 desiderat
521 2491 694 2562 sinceritas
711 2493 841 2563 edoceri
866 2495 1021 2562 universe
1031 2543 1040 2578 ‚
1067 2513 1131 2578 que
1155 2493 1375 2580 predictorum

251 2600 362 2669 rabies
378 2601 487 2667 subito
512 2608 544 2666 et
569 2602 719 2684 nequiter
736 2602 824 2670 circa
841 2601 963 2668 limites
979 2607 1090 2668 nostre
1106 2607 1193 2668 terre
1209 2605 1375 2686 perpetra·

253 2706 307 2792 vit,
322 2709 409 2776 infra
425 2729 505 2793 quos
522 2717 597 2776 sunt
612 2717 739 2778 tantum
755 2711 798 2779 ad
814 2718 1013 2778 momentum
1034 2708 1188 2795 temporie
1203 2707 1376 2794 decimati,

252 2836 290 2887 eo
307 2815 394 2900 quon
407 2825 554 2885 nostram
569 2819 791 2906 presenciam,
817 2839 880 2903 que
904 2817 1012 2886 vicina
1028 2815 1138 2884 luerat
1153 2813 1375 2901 lormiderent,

251 2925 369 2993 occisis
384 2930 511 2992 tantum
528 2933 657 2992 eentum
673 2925 824 3010 personis
839 2923 1022 3006 humilibus,
1040 2946 1082 2993 en
1092 2923 1239 3010 ipsisque
1249 2927 1376 2990 beccu-

250 3033 293 3102 tis
317 3053 376 3119 per
400 3038 529 3100 nostroe
545 3033 599 3098 vel
615 3033 757 3118 amplius
773 3031 975 3118 intersectis,
1001 3031 1172 3100 scribimus
1188 3037 1224 3098 ut
1238 3029 1379 3115 petistis.

250 3143 302 3211 De
317 3148 406 3210 statu
421 3159 499 3210 vero
515 3140 619 3225 Regni
635 3140 816 3228 Huugarici
832 3149 866 3208 et
880 3143 1025 3226 Regum,
1053 3145 1189 3224 quorum
1205 3145 1257 3206 est
1272 3147 1376 3207 extur-
1394 3212 1398 3221 ,

250 3251 383 3318 minium
409 3255 442 3316 et
466 3247 583 3318 eiectio
600 3249 797 3336 manifesta,
822 3267 884 3316 nec
899 3269 964 3316 uon
980 3248 1021 3316 de
1037 3247 1194 3334 singulis,
1220 3265 1284 3330 que
1309 3247 1378 3314 Rea

251 3355 385 3428 menie
401 3357 554 3426 sustinuit
568 3377 626 3445 per
636 3357 851 3426 Teutonorum
862 3355 987 3424 rabiem
1003 3365 1036 3422 et
1052 3355 1200 3436 insultus,
1216 3373 1275 3440 per
1285 3355 1375 3441 ipsos

252 3466 440 3552 Principes,
466 3467 521 3548 qui
546 3466 731 3534 huiusmodi
747 3467 889 3534 turbinio
904 3465 1128 3552 intemperiem
1146 3471 1223 3530 suut
1238 3463 1376 3549 experti,

147 3603 156 3614 ·
251 3574 400 3658 poteritis
417 3572 556 3640 lucidius
572 3573 750 3657 informari,
768 3594 866 3660 quam
880 3575 978 3640 modo
995 3591 1055 3639 uos
1070 3590 1230 3658 perpessa
1242 3571 1378 3639 stillata

253 3678 378 3746 eisdem
395 3681 525 3765 plenius
537 3699 699 3766 exponere
709 3683 875 3766 possimus
888 3688 920 3747 et
932 3699 1094 3748 enarrare.
1108 3681 1214 3766 Super
1224 3695 1379 3764 processu

253 3805 332 3853 vero
356 3793 465 3853 vestro
491 3793 523 3852 ct
539 3787 660 3854 milicie
677 3794 785 3855 vestre
801 3807 859 3874 per
875 3807 934 3855 vos
951 3795 1174 3872 congregate,
1191 3805 1231 3852 ex
1246 3784 1376 3852 maturi·

253 3901 322 3962 tate
348 3893 451 3960 nostri
475 3893 603 3962 consilii
628 3899 737 3961 vestre
760 3896 933 3962 Serenitati
960 3894 1113 3962 duximus
1130 3892 1375 3976 consulendum,

254 4011 290 4070 ut
312 4021 372 4088 pre
396 4001 545 4069 omnibus
571 4003 766 4069 victualibus
791 4011 824 4069 et
848 4003 1032 4070 balistariis
1056 4001 1229 4089 premuniti
1246 4001 1378 4070 deseen-

257 4129 329 4178 sum
345 4117 499 4194 vestrum,
519 4113 697 4198 assumptis
713 4117 838 4179 tanturn
854 4112 1012 4196 Bouario,
1032 4111 1257 4180 Franconibus
1266 4161 1275 4196 ,
1291 4111 1379 4178 vaa·

254 4219 315 4285 vvis
332 4225 365 4286 et
380 4218 535 4286 militibus
550 4221 652 4304 Beni,
670 4221 742 4288 sine
757 4219 882 4288 lesione
900 4227 984 4288 terre
999 4227 1130 4299 nostre,
1155 4239 1217 4302 que
1234 4225 1286 4287 est
1300 4216 1380 4286 mul·

255 4323 375 4392 timode
393 4323 580 4412 devastata,
605 4329 652 4395 ita
668 4329 782 4412 eciam,
799 4327 886 4412 quod
902 4349 966 4395 non
981 4327 1086 4415 possit
1102 4325 1307 4395 venientibus
1323 4325 1379 4392 ba·

255 4431 440 4502 bundanter
455 4437 646 4504 necessaria
661 4437 866 4519 ministrare,
892 4455 951 4520 per
975 4435 1169 4504 industriam
1195 4440 1305 4501 nmen
1322 4451 1377 4499 no·

255 4551 355 4610 stram
371 4541 494 4625 offeret,
511 4543 597 4628 quod
612 4551 732 4630 potest,
750 4543 919 4612 commode
936 4543 1129 4628 preparetis.
1146 4541 1239 4610 Alios
1257 4540 1379 4608 Prinoi·
1436 4579 1443 4590 ·
1472 4567 1484 4614 ·,.
