3154 5038
740 276 895 386 ..Q-

259 475 336 545 dam
352 471 477 541 Fotend
493 475 613 540 vooant
622 521 631 556 ,
655 490 718 556 qne
733 476 783 538 est
797 471 890 540 iuxta
905 477 1027 540 terram
1043 472 1117 542 Isae
1144 471 1289 558 domitis,
1316 494 1379 560 qne

259 581 376 649 dieitur
391 579 493 646 Mihal
502 627 511 662 ‚
535 577 622 646 intra
637 579 764 648 Rabam
777 579 979 662 existentem,
996 581 1157 648 oommnni
1172 581 1381 650 eonsoieneia

260 692 294 754 et
304 705 466 754 consensu
477 685 832 759 vendidissentdileeto
843 684 974 754 etfideii
986 695 1097 754 nostm
1114 687 1189 755 Iseo
1199 687 1318 756 Comiti
1333 688 1379 756 ri·
1442 758 1445 764 ,

261 795 343 880 ginti
370 791 510 874 mareis,
534 811 616 878 quas
631 791 664 860 in
680 793 827 860 terminis
844 793 908 860 sibi
938 793 1117 877 assignatis
1141 795 1239 881 pleno
1255 795 1379 881 persol-

263 901 329 983 uit,
352 901 412 970 tali
427 909 537 968 tamen
552 899 744 970 condicione
769 903 901 984 inserta,
926 908 962 968 ut
977 902 1007 969 si
1021 909 1142 970 terram
1158 902 1295 970 eandem
1310 921 1380 971 sue

261 1028 355 1077 eessu
379 1017 559 1096 temporum
583 1009 684 1078 veltet
699 1009 818 1094 aliquis
843 1016 1010 1096 repetere,
1033 1011 1097 1098 ipsi
1122 1011 1221 1080 iidem
1239 1011 1380 1098 predicti

263 1115 402 1186 liberare
423 1124 582 1186 tenentur.
608 1115 778 1186 Petierunt
802 1119 914 1202 itaque
929 1140 951 1186 a
967 1119 1060 1188 nobis
1087 1119 1148 1186 viri
1173 1119 1332 1188 antedicti
1347 1127 1381 1187 et

262 1221 370 1292 tidelis
386 1232 498 1293 noster
524 1227 598 1292 Isae
627 1225 746 1294 Comes
760 1223 924 1294 humiliter
949 1233 982 1292 et
998 1226 1174 1310 instanter,
1199 1233 1234 1292 ut
1258 1232 1380 1295 terram

263 1339 406 1418 emptam
422 1341 535 1401 nostra
550 1333 761 1418 dignaremur
772 1333 966 1402 auotoritate
977 1331 1081 1420 Regia
1097 1332 1295 1402 oontirmare.
1310 1335 1380 1404 Nos

264 1439 363 1524 igitur
379 1439 473 1508 iustis
498 1439 870 1528 peticionibusipsorum
887 1447 1069 1509 annuentes
1080 1442 1281 1533 empoionem
1306 1461 1378 1528 pre·

264 1545 368 1613 fatam
384 1555 540 1634 tanquam
567 1549 656 1634 juste
673 1554 706 1614 ot
721 1549 866 1633 legitime
881 1549 1002 1616 saetam
1027 1547 1176 1616 duximus
1191 1547 1380 1616 eontirman·
1411 1593 1418 1604 -

264 1655 349 1722 dam.
366 1657 408 1722 Et
424 1676 465 1723 ne
480 1675 637 1741 praeessu
647 1655 858 1743 temprumab
879 1657 990 1740 aliquo
1005 1655 1112 1740 possit
1126 1657 1333 1738 aliquatenus
1348 1653 1380 1720 in

261 1761 385 1830 irritnm
401 1765 560 1847 resonari,
585 1763 644 1830 sed
658 1783 789 1848 semper
804 1762 899 1830 salva
915 1762 1154 1829 etineonenssa
1169 1768 1379 1848 permaneat:

260 1869 294 1936 in
309 1890 485 1957 perennem
499 1869 596 1948 huius
612 1871 659 1938 rei
675 1869 863 1938 memoriam
878 1875 1049 1952 presentes
1061 1869 1280 1936 conoessimus
1296 1854 1394 1936 litte?

263 1996 318 2044 ras
334 1975 475 2062 dupliois
492 1976 593 2064 sigilli
608 1977 710 2044 nostri
729 1973 907 2044 munimine
922 1982 1079 2063 perpetuo
1096 1975 1298 2042 roborantes.
1314 1973 1379 2042 Da

262 2085 379 2150 tamin
404 2085 535 2150 Zoulum
553 2105 612 2170 per
637 2102 753 2151 manus
777 2083 929 2164 magistri
944 2081 1117 2150 Benedicti
1133 2081 1312 2166 Praepositi
1328 2083 1381 2150 ΑΙ·

263 2189 376 2258 bessis
391 2192 497 2258 sintae
513 2199 645 2258 nostrae
657 2188 856 2258 Oanoellarii
865 2208 952 2258 anno
963 2190 1093 2276 gratiae
1104 2187 1382 2256 tt000⁰xi⁰vu⁰

261 2297 339 2366 Idus
354 2299 434 2366 Julii
450 2298 556 2385 Regni
571 2305 681 2371 autem
697 2295 799 2364 nostri
814 2316 902 2364 anno
919 2297 1032 2381 quinto
1049 2293 1217 2382 (decimo).

621 2493 677 2558 (As
695 2494 804 2551 eredeti
823 2491 903 2550 utin.
924 2491 1026 2562 Cum.)
