3140 5044
726 227 791 296 20⁹

189 399 319 492 nicrum
352 422 590 506 indulgentiam
611 423 780 508 elarrgiri5
815 439 875 488 nos
900 421 1050 518 volentes
1066 421 1160 489 vobis
1177 419 1319 504 gratiam

192 530 304 598 lacere
319 530 522 616 ampliorem,
538 531 658 597 restris
673 528 803 598 devotis
812 523 968 615 precibus
978 527 1147 608 inclinati,
1170 525 1318 596 volumus

192 635 379 704 huiusmodi
394 637 536 723 gratiam
546 638 590 704 ad
600 636 795 705 Nativitatis
805 635 947 719 Domini,
963 634 1225 703 Resurrecticnis
1235 633 1319 701 eins·

193 744 288 828 dem,
313 745 527 813 Pentecostes
544 750 576 811 et
592 745 823 832 Apostolorum
850 741 996 810 omnium
1017 741 1217 810 festivitates
1233 742 1321 808 circe

193 850 332 920 ecclesie
348 858 466 935 vestre,
483 856 516 917 et
531 851 747 920 ecelesiarum
760 851 853 918 robis
864 847 1085 917 subiectarum
1101 847 1321 933 parochianos

193 959 336 1028 extendi.
360 957 511 1046 Lugduni
545 959 616 1026 XV.
635 957 800 1028 kalendas
818 957 941 1044 Aprilis
958 953 1187 1044 (Pontificatns
1204 955 1322 1040 nostri)

195 1087 281 1134 anno
304 1073 408 1135 sexto.

262 1260 324 1332 (lv.
343 1260 427 1316 lncne
446 1257 523 1334 papa
541 1258 739 1334 Regestaibol,
749 1283 757 1332 '.
760 1257 887 1317 Theiner
904 1257 944 1316 id.
954 1274 991 1314 m.
1010 1257 1033 1313 1.
1052 1255 1112 1314 ket.
1132 1255 1196 1314 202.
1215 1254 1248 1328 l.)

717 2130 803 2199 133.

198 2309 327 2376 Rolano!
341 2309 444 2376 reddor·
463 2309 590 2375 Elioro
608 2312 764 2396 porsonyi
777 2275 970 2398 cdrjohbripp
985 2315 1132 2377 sternere
1148 2290 1323 2400 creperieiti

198 2419 301 2483 Dirces
316 2418 482 2483 mador-nole
498 2417 637 2482 rere-tr·
651 2417 845 2504 adomdnyat
866 2415 956 2503 (icae
964 2416 1080 2502 fenebb
1096 2441 1117 2483 o
1127 2420 1202 2485 130.
1219 2445 1261 2490 oz.
1274 2421 1321 2508 a.)

714 2525 811 2594 1249.

309 2703 379 2770 Nos
392 2701 561 2770 Rolandns
576 2702 747 2769 Palatinos
764 2708 797 2768 et
813 2702 931 2769 onnes
947 2703 1157 2772 Posoniensis
1173 2704 1322 2775 omnibus

202 2809 354 2876 duximus
371 2807 628 2894 significandum,
656 2809 742 2891 qnod
759 2809 906 2876 Ethnroh
933 2810 1069 2895 jobngio
1097 2810 1204 2878 Oastri
1221 2814 1323 2879 Poso-

201 2915 326 2984 niensis
341 2916 387 2984 ad
411 2935 471 2983 nos
484 2915 646 2984 accedens
672 2917 800 2984 litteras
824 2915 978 3002 Dionysii
993 2915 1136 2984 Palatini
1151 2919 1323 3003 predeces-

202 3023 286 3092 soris
302 3024 405 3093 nostri
421 3024 515 3092 nobis
541 3025 741 3109 presentavit
757 3023 817 3090 sub
833 3025 896 3092 hoc
906 3024 1020 3108 forme,
1042 3025 1130 3108 quod
1145 3045 1220 3093 com
1235 3032 1325 3094 terra

201 3152 263 3199 soa
277 3133 410 3218 propria
435 3152 494 3218 per
510 3151 597 3214 aque
613 3129 865 3200 inundacionem
890 3132 1007 3198 inisset
1036 3139 1199 3218 occupata
1215 3139 1249 3201 et
1265 3153 1323 3201 an·

203 3240 330 3320 nullate
338 3289 348 3324 ,
371 3257 429 3325 per
445 3237 634 3306 mandatum
651 3239 773 3306 domini
789 3239 889 3324 Regis
901 3245 1098 3323 etrespectu
1114 3237 1324 3308 necessitatis

203 3365 261 3412 sne
275 3347 439 3430 quondam
464 3353 587 3414 terram
613 3347 714 3415 castri
730 3347 880 3414 careban
895 3345 1027 3413 nomine
1044 3353 1195 3415 vocatam
1211 3347 1275 3414 sibi
1291 3353 1325 3414 ct

201 3453 273 3521 suis
288 3453 376 3536 liliis,
389 3453 570 3536 Dominico,
597 3453 779 3542 Seraphino
796 3460 828 3519 et
845 3455 943 3521 Petro
960 3454 1171 3538 contulisset,
1195 3461 1228 3521 et
1244 3473 1321 3522 ean·

203 3559 276 3626 dem
301 3567 423 3626 terram
433 3580 491 3646 per
507 3563 664 3628 Ivancam
678 3559 842 3626 Ourinlem
859 3558 1018 3629 Comitem
1035 3580 1127 3628 suum
1144 3561 1322 3629 Posonien·

205 3689 283 3744 sem,
301 3673 333 3734 et
344 3667 543 3754 jobagiones
575 3669 721 3736 eiusdem
733 3669 841 3736 Oestri
866 3669 1003 3738 iecisset
1018 3655 1239 3753 assignariad
1257 3667 1323 3737 sino
1366 3683 1371 3696 ·

202 3785 315 3843 aratro
330 3775 561 3860 sufficientem,
588 3775 678 3844 cuius
693 3784 779 3848 terre
795 3783 880 3845 mete
895 3777 931 3844 in
946 3777 1065 3845 litteris
1082 3775 1228 3844 eiusdem
1246 3775 1324 3843 Dio-

203 3881 291 3969 nysii
320 3884 456 3953 Comitis
491 3903 644 3971 expresse
670 3886 882 3954 continentur.
911 3885 981 3952 Nos
1016 3886 1113 3971 igitur
1143 3885 1325 3970 predictum

207 4026 252 4040 ·-
282 4026 327 4038 -
358 4027 402 4040 -
432 4027 476 4042 -·
508 3992 550 4060 nd
581 3993 785 4060 serviendum
826 3993 943 4060 cantro
990 3991 1088 4060 utiles
1119 4010 1194 4060 esse
1220 3990 1325 4060 consi·

206 4099 370 4178 dotantes,
388 4105 421 4165 et
436 4099 542 4185 ipsam
571 4100 787 4168 donacionem
816 4099 921 4168 inisse
938 4104 1186 4185 competentem,
1203 4102 1324 4164 terram

206 4207 357 4292 superius
383 4212 527 4274 notatam
552 4205 657 4274 eidem
683 4205 829 4274 Ethnruh
856 4211 888 4272 et
902 4207 971 4272 suis
988 4205 1063 4274 filiis
1079 4205 1149 4274 iore
1165 4209 1324 4289 perpetuo

206 4313 395 4398 reliquimus
410 4313 652 4401 possidendam.
670 4315 712 4382 Et
728 4335 770 4382 ne
785 4313 858 4404 ipse
871 4313 1019 4383 Ethnrnh
1030 4312 1130 4382 etlilii
1142 4331 1202 4381 sen
1213 4331 1325 4378 eornm

206 4422 330 4506 posteri
345 4441 443 4507 super
452 4423 634 4490 iactoterre
644 4423 732 4492 illios
741 4425 870 4509 possint
884 4421 1055 4492 molestari
1070 4427 1127 4488 aot
1141 4418 1326 4504 inquietari,

205 4537 375 4616 presentes
400 4530 515 4600 literas
539 4529 647 4618 sigillo
672 4537 780 4600 nostro
797 4529 939 4600 munitas
963 4530 997 4594 in
1010 4527 1199 4594 memoriam
1213 4559 1258 4574 -
1280 4557 1325 4570 -

261 4653 363 4698 rorum
379 4653 460 4699 anre.
474 4654 653 4698 ersa-nmo
669 4657 689 4698 r.
1122 4632 1165 4696 14
