3140 5044
303 949 364 1016 IV.
381 951 471 1016 Iotae
475 953 568 1037 pcipe
577 973 616 1016 aa
626 951 810 1039 matcrpumi
824 949 970 1018 traducet
979 949 1195 1038 mepybcpyjc,
1212 949 1294 1040 bopy
1304 973 1334 1038 c,
1345 951 1432 1020 Ber·-

305 1058 394 1125 tulou
405 1057 467 1124 volt
476 1059 565 1146 pecti
574 1059 700 1146 pttcpblc
723 1055 898 1122 tortdadrol
912 1067 977 1138 tett,
989 1059 1345 1147 popuiiutezlcedercltct
1365 1059 1431 1147 so·

700 1167 903 1254 punctuation.
919 1167 1019 1232 1253.

410 1344 619 1413 Innocentius
648 1343 833 1431 spiscopus
858 1315 923 1411 etc.
939 1345 1119 1413 venerabili
1135 1343 1228 1413 fratri
1253 1393 1294 1412 ..
1322 1393 1330 1411 .
1365 1347 1429 1414 Ar·

304 1450 513 1538 chicpiscopo
530 1451 746 1537 strigoniensi
761 1451 900 1521 salutem
911 1457 973 1520 etc.
1001 1453 1080 1522 Gum
1097 1453 1183 1520 sicut
1197 1472 1240 1544 ex
1255 1461 1352 1538 parte
1367 1471 1427 1522 ve-

303 1559 459 1627 nerabilis
474 1559 585 1628 tranis
601 1561 705 1628 nostri
719 1557 943 1627 Bartbolomci
969 1559 1125 1648 Episcopi
1145 1560 1307 1645 quondam
1321 1561 1427 1642 Quin-

303 1667 576 1753 queecclc'siensis
601 1665 662 1734 tuit
686 1667 1026 1762 propositumcoram
1050 1669 1144 1736 nobis
1169 1664 1305 1756 (dudum
1320 1687 1357 1738 se
1373 1689 1427 1736 re·

302 1773 417 1861 gimini
442 1773 591 1843 Ecclesie
617 1774 979 1860 Quinqneecclesiensis
1003 1775 1203 1845 inmanibus
1229 1779 1350 1846 nostris
1368 1799 1423 1847 ce

301 1882 410 1962 dente,
426 1903 486 1950 nos
503 1881 565 1950 sibi
581 1904 641 1970 pro
665 1881 903 1967 sustentatione
928 1901 989 1948 sua
1005 1881 1047 1949 de
1061 1882 1166 1968 ipsius
1181 1883 1331 1952 Ecclesia
1346 1886 1426 1952 red·

300 1993 421 2061 ditibus
436 1991 470 2074 in
485 1989 635 2056 ducentis
650 1989 769 2066 marcis
782 1978 911 2074 argenti
926 1991 1022 2056 annis
1038 1991 1191 2078 singulis,
1208 1990 1318 2078 quoad
1332 1991 1424 2060 vivo

301 2108 369 2187 ret,
391 2099 557 2187 provideri
586 2099 754 2182 volentes,
785 2097 861 2166 illas
877 2097 941 2164 sibi
956 2099 1010 2165 vel
1034 2117 1093 2167 suo
1122 2110 1214 2170 certo
1242 2101 1360 2168 nuncio
1377 2103 1423 2170 ab

301 2211 477 2298 Episcopo,
483 2207 539 2292 qui
548 2207 653 2276 eidem
661 2207 811 2276 Ecclesia
824 2214 975 2293 preesset
991 2227 1050 2295 pro
1066 2215 1217 2296 tempore,
1231 2209 1313 2277 solvi
1323 2211 1425 2278 certis

302 2317 384 2386 locis
409 2323 441 2384 et
465 2316 612 2384 terminis
637 2314 894 2399 mandassemus,
911 2319 944 2381 et
964 2315 1162 2398 venerabilis
1193 2318 1296 2386 irater
1310 2325 1426 2386 noster

303 2475 310 2491 .
337 2473 345 2490 .
370 2463 380 2474 -
403 2424 586 2510 Episcopus
603 2419 961 2507 Quinqueecclesicnsis
982 2442 1042 2510 per
1057 2423 1139 2492 duos
1156 2443 1260 2492 anuos
1276 2423 1309 2489 in
1324 2423 1426 2492 buius

301 2531 498 2620 provisionis
508 2529 668 2598 solutione
684 2535 864 2616 cestasset3
887 2529 1020 2598 tandem
1036 2529 1156 2597 devicti
1172 2531 1245 2598 eins
1261 2531 1425 2599 instantia

302 2639 364 2725 sibi
382 2639 613 2722 concessimus,
629 2643 667 2705 nt
681 2637 811 2705 nonnisi
836 2637 1046 2707 medietatem
1062 2637 1259 2724 provisionis
1276 2639 1426 2708 ciusdem

300 2749 468 2834 duntaxat,
481 2745 652 2813 dummodo
663 2767 720 2833 pro
732 2747 907 2816 subtractis
918 2755 1047 2816 centum
1057 2767 1186 2816 marcas
1196 2749 1332 2834 augenti
1347 2767 1424 2834 per·

301 2857 428 2942 solvat,
452 2855 569 2939 quibus
601 2874 673 2921 cnm
699 2860 884 2922 contentum
910 2873 984 2922 esse
1010 2857 1167 2940 volumus,
1194 2857 1362 2924 annuatim
1379 2857 1425 2925 de

301 2971 410 3031 cetero
435 2963 563 3030 solvere
588 2965 749 3030 teneatur.
774 2963 843 3029 Nos
859 2963 959 3048 igitur
973 2962 1042 3030 suis
1058 2963 1350 3049 supplicationibus
1367 2963 1423 3030 in·

300 3067 432 3151 clinati,
456 3077 490 3137 ut
505 3088 564 3138 sue
595 3069 806 3156 provideatur
831 3072 951 3157 quieti,
984 3073 1205 3159 provisionem
1220 3074 1327 3160 ipsam
1342 3091 1420 3141 esse

299 3178 435 3262 firmam,
452 3183 485 3246 et
508 3177 743 3246 diminitionem
768 3197 832 3245 non
848 3179 918 3265 pati
935 3181 1082 3248 volentes
1100 3180 1275 3247 statuimus
1291 3185 1326 3248 ut
1341 3200 1423 3268 prc—

300 3288 389 3355 latus
405 3285 597 3373 Episcopus,
614 3287 759 3372 alioquin
786 3305 956 3355 successor
981 3289 1084 3374 ipsius
1100 3287 1265 3372 predictas
1291 3296 1423 3358 centum

299 3413 429 3464 marcas
445 3414 504 3480 pro
530 3395 726 3480 subtractis,
753 3400 789 3461 ut
804 3395 952 3481 superius
968 3404 1018 3462 cst
1034 3399 1236 3482 expressum,
1255 3397 1289 3463 in
1304 3395 1421 3462 kalen-

298 3501 349 3572 dis
364 3503 513 3589 prorimo
528 3503 694 3586 venturis,
720 3510 753 3570 et
769 3503 856 3571 idem
871 3523 910 3570 ac
928 3505 1065 3587 quilibet
1080 3505 1177 3589 alius,
1194 3503 1250 3588 qui
1265 3503 1421 3572 Ecclesia

297 3609 436 3698 predicti
451 3629 511 3695 pro
527 3615 673 3698 tempore
688 3611 844 3698 prefuerit
852 3661 862 3696 ‚
885 3612 1024 3680 totidem
1040 3631 1170 3680 mareas
1185 3612 1258 3696 puri
1275 3619 1309 3680 et
1324 3613 1416 3697 lega-

297 3717 339 3784 lis
355 3717 481 3801 argenti
501 3718 547 3786 ad
562 3718 689 3806 pondus
706 3717 903 3787 Venetorum
919 3720 1008 3806 apud
1023 3719 1180 3787 Venetiae
1196 3721 1232 3786 iu
1250 3717 1422 3806 Hospitali

298 3823 411 3892 Sancti
425 3824 586 3893 Jobannis
600 3827 859 3896 Jerosolimitaui
888 3828 1057 3896 annuatim
1072 3827 1106 3893 iu
1122 3826 1246 3895 eisdem
1267 3823 1422 3894 kalendis

166 3945 170 3954 '
299 3930 363 4000 sibi
378 3931 432 3999 vel
447 3939 536 4000 certo
549 3935 668 4002 nuncio
686 3953 753 4018 sno,
780 3936 888 4018 quoad
904 3917 1040 4020 vixerit,
1064 3941 1216 4018 teneatur
1230 3936 1423 4022 persolvere

299 4039 430 4107 nomine
445 4036 639 4127 pensionis.)
668 4041 813 4128 Ideoque
842 4042 1041 4112 fraternitati
1064 4048 1120 4111 tue
1144 4063 1203 4128 per
1227 4041 1422 4128 Apostolica

298 4147 424 4235 scripta
438 4147 472 4214 in
487 4147 669 4218 iuramento
695 4147 881 4218 obedientie
900 4149 1035 4218 tirmiter
1057 4149 1267 4238 precipiendo
1282 4149 1421 4218 manda-

297 4275 380 4342 mus,
396 4261 557 4340 quatenus
573 4259 723 4342 quotiens
743 4259 787 4339 ab
812 4259 927 4326 eodem
943 4257 981 4326 B.
998 4259 1163 4345 Episcopo
1179 4259 1233 4326 vel
1248 4257 1321 4325 eius
1336 4275 1417 4324 nun·

298 4364 350 4432 cio
367 4363 467 4433 tueris
482 4364 668 4449 requisitus,
684 4371 718 4434 et
732 4385 791 4452 per
806 4367 933 4435 litteras
950 4413 959 4432 .
977 4412 1009 4430 ..
1032 4361 1184 4449 Magistri
1203 4363 1258 4432 vel
1277 4365 1419 4452 Precep·

296 4469 378 4536 toris
392 4468 472 4538 dicti
488 4469 673 4556 Hospitalis
690 4472 762 4540 sive
777 4471 887 4554 illius,
910 4472 967 4554 qui
981 4471 1148 4557 Hospitali
1162 4471 1285 4557 preerit
1301 4469 1419 4554 eidem,

297 4573 358 4642 tibi
382 4578 584 4666 consdterit,
608 4575 698 4664 quod
729 4578 918 4663 supradicto
942 4581 1079 4648 termino
1104 4579 1242 4649 nuncius
1258 4581 1362 4668 ipsius
1378 4581 1417 4646 B.
