3140 5044
684 792 762 858 159.

167 968 227 1034 IV.
245 969 333 1032 docco
340 973 433 1054 papa
457 965 622 1033 Aodcloak
649 973 682 1034 es
698 969 867 1054 Dtoesuek,
884 993 905 1034 α
920 975 1180 1060 mtapyarorsadpi
1203 973 1292 1040 boae-

168 1075 358 1140 dokrondiek
382 1074 757 1161 mephatalmazottainuk
781 1079 981 1164 mopeupedc',
1014 1079 1096 1167 kopp
1122 1081 1189 1144 150
1221 1081 1295 1167 pira

406 1185 519 1270 erejtip
535 1182 674 1248 tolmone
689 1185 868 1250 notaacnota
878 1185 939 1268 fel.
957 1187 1055 1250 1253.

195 1413 197 1420 .
278 1361 487 1429 Innocentius
504 1361 689 1448 Episcopus
707 1371 768 1429 eto.
785 1361 916 1429 dilectis
933 1363 1088 1431 iratribus
1104 1363 1245 1433 Antonio
1262 1372 1294 1432 et

171 1469 323 1535 Dionisio
338 1469 604 1553 procuratoribus
620 1471 810 1538 dilectorum
819 1469 957 1539 filiorum
973 1522 981 1538 .
1006 1521 1014 1538 .
1040 1521 1048 1536 .
1072 1469 1292 1540 Thichonieu·

172 1576 242 1660 sis,
269 1621 274 1636 .
303 1626 309 1638 .
335 1622 343 1638 .
367 1575 407 1642 de
421 1575 584 1659 relevor,
608 1624 615 1639 .
641 1627 648 1642 .
675 1627 682 1640 .
707 1578 749 1643 de
772 1579 918 1659 Dumbo,
942 1629 950 1646 .
976 1627 983 1644 .
1007 1627 1015 1646 .
1041 1579 1295 1648 ctllodochaet

171 1733 177 1746 .
204 1733 211 1746 .
237 1730 245 1745 .
278 1684 392 1748 Sancti
408 1684 540 1748 Martini
560 1684 601 1750 de
612 1685 783 1753 Pannonia
794 1687 1071 1771 wesprimiensis,
1092 1685 1295 1771 Quinquecc·

171 1789 352 1874 clusiensis,
364 1789 561 1874 Colocensis,
574 1793 595 1859 J
597 1793 758 1859 auriensis
769 1793 968 1870 Diocesium‚
979 1799 1012 1860 ct
1021 1793 1157 1861 aliorum
1167 1796 1296 1861 Monae-

175 1897 338 1979 ter-iorum,
363 1895 526 1962 Abbatum
539 1907 572 1964 et
583 1899 807 1966 concentuum
825 1899 865 1966 dc
876 1897 1023 1985 Ungaria
1035 1899 1168 1968 Ordinis
1184 1901 1296 1967 Sancti

174 2003 341 2070 Benedicti
369 2006 507 2070 salutem
533 2013 594 2070 etc.
613 2005 694 2072 Cum
711 2006 796 2072 sicut
812 2007 844 2074 in
861 2013 973 2076 nostra
989 2008 1207 2094 proposuistis
1223 2027 1297 2092 pre-

173 2111 280 2178 sentia
296 2111 470 2194 constituti,
495 2131 553 2198 pro
570 2114 785 2197 expediendis
802 2117 943 2201 negotiis
956 2117 1144 2184 dilectorum
1161 2115 1297 2181 filiorum

172 2217 510 2300 ...Thioouiensis
536 2267 543 2282 .
569 2268 576 2283 .
602 2268 610 2284 .
635 2220 676 2286 de
694 2221 854 2304 Fcldwar‚
880 2271 887 2286 .
913 2270 921 2286 .
947 2273 954 2288 .
979 2221 1020 2289 de
1037 2223 1187 2306 Dumbo,
1218 2271 1225 2288 .
1254 2270 1296 2292 ..

172 2323 212 2388 de
238 2324 417 2408 uoluens,
451 2374 459 2390 .
485 2373 493 2389 .
518 2373 525 2389 .
550 2325 663 2392 Sancti
688 2327 820 2394 Martini
845 2329 887 2396 de
913 2331 1084 2396 Pannonia
1110 2337 1143 2396 et
1158 2331 1298 2407 aliorum

172 2432 452 2509 Monasteriorum,
468 2433 633 2500 Abbatum
650 2443 683 2502 et
699 2435 923 2504 conventuum
935 2436 976 2503 de
994 2435 1143 2522 Ungaria
1161 2435 1295 2504 Ordinis

174 2541 286 2606 Sancti
301 2541 470 2622 Benediti,
496 2559 555 2607 vos
583 2543 694 2610 subire
712 2551 862 2628 oporteat
877 2565 980 2612 onera
997 2563 1227 2630 expensarum,
1254 2563 1297 2610 ne

171 2669 232 2733 pro
262 2665 373 2714 earum
388 2646 517 2714 defectu
531 2648 591 2714 illa
607 2651 798 2735 inexpedita
814 2671 984 2720 remanere
1001 2652 1178 2734 contingat,
1196 2649 1292 2718 vobis

175 2754 388 2822 contrahendi
420 2759 563 2822 mutuum
579 2763 713 2843 propter
735 2755 795 2822 hoc
811 2775 916 2841 usquc
931 2757 976 2824 ad
991 2777 1151 2826 summam
1167 2763 1298 2824 centum

175 2867 208 2926 et
223 2861 462 2946 quinquaginta
477 2881 659 2930 marcarum
675 2865 804 2948 argenti
819 2865 865 2930 ad
874 2863 1002 2949 pondus
1019 2863 1176 2950 Ungarie,
1193 2869 1226 2930 et
1241 2863 1298 2930 ob·

175 2967 300 3049 ligandi
328 2967 543 3035 creditoribus
568 2970 654 3036 bona
671 2969 830 3038 dictorum
861 2969 1134 3040 lionasteriorum
1151 2979 1186 3040 ot
1211 2971 1299 3038 Gon-

177 3080 332 3141 ventuum
348 3083 380 3139 et
397 3076 649 3160 uniuscuiusque
666 3079 700 3144 in
716 3079 866 3162 solidum,
885 3099 925 3145 ac
941 3079 1156 3147 renunciandi
1182 3077 1300 3144 consti-

175 3182 293 3248 tutioni
317 3181 360 3248 de
386 3183 510 3252 duabus
536 3183 634 3254 dietis
658 3186 745 3254 edite
762 3187 795 3252 in
812 3187 955 3256 Ooncilio
974 3189 1141 3272 generali,
1166 3186 1300 3254 othone

181 3293 397 3360 restitutionis
423 3293 455 3358 in
471 3293 641 3378 integrum,
658 3315 718 3362 nec
735 3316 800 3362 non
817 3301 849 3362 et
864 3294 1073 3363 conventioni
1089 3292 1254 3377 iudicum,
1270 3292 1301 3360 si

182 3401 324 3486 ipsorum
342 3398 539 3468 creditorum
555 3402 685 3469 nomine
709 3402 920 3488 Apostolicas
937 3404 1065 3470 litteras
1081 3402 1301 3483 cuiuscunque

177 3508 345 3574 tenorisin
362 3515 525 3593 posterum
550 3509 719 3595 impetrari
736 3510 925 3594 contigerit,
948 3509 1144 3576 auctoritate
1169 3525 1300 3594 presen-

179 3615 258 3680 tium
291 3614 498 3684 concedimus
523 3617 734 3684 facultatem:
759 3618 806 3684 ita
829 3617 914 3701 qnod
938 3617 1077 3703 predicti
1106 3616 1254 3684 Abbates
1270 3625 1303 3684 et

180 3719 362 3790 Conventus
379 3729 411 3790 et
428 3743 537 3790 eorum
564 3743 774 3792 successores
799 3732 971 3792 teneantur
986 3725 1029 3791 ad
1046 3715 1229 3792 huiusmodi
1244 3742 1300 3808 pc-

182 3829 309 3894 ouniam
325 3833 597 3914 persolvendam,
622 3837 654 3898 et
669 3834 712 3900 ad
722 3834 876 3920 dampna,
895 3852 1061 3919 expensas
1077 3840 1109 3900 et
1125 3833 1298 3914 interesse,

181 3937 209 4002 si
226 3937 414 4005 intermino
442 3939 618 4008 constituto
642 3943 812 4026 pecuniam
823 3961 888 4008 non
905 3943 1070 4008 solverent
1080 3950 1302 4028 memoratam,

182 4061 278 4130 snper
293 4047 411 4131 quibus
437 4047 577 4134 simplici
602 4049 701 4116 verbo
718 4051 845 4116 illorum
861 4053 914 4116 vel
932 4071 1044 4117 eorum
1060 4049 1202 4118 alienius
1212 4099 1221 4133 ,
1247 4051 1303 4131 qui

181 4151 302 4219 dictam
319 4156 494 4239 pecuniam
510 4159 750 4238 mutuaverint,
774 4155 845 4226 siue
862 4158 931 4223 alia
947 4156 1150 4242 probatione,
1168 4156 1301 4223 sublata

182 4259 262 4346 ipsis
282 4261 496 4330 creditoribus
506 4266 723 4336 necesssitate
733 4265 914 4351 probandi,
939 4263 1304 4354 quodpeeuniaeadem

180 4367 223 4433 sit
239 4387 401 4438 conversa
425 4373 457 4438 in
485 4371 659 4442 utilitatem
684 4373 842 4442 dictorum
866 4357 1138 4442 Monosteriorum
1164 4379 1197 4438 et
1222 4368 1304 4440 Ocn-

183 4481 345 4562 ventuum,
362 4485 511 4565 pretextu
530 4481 668 4548 alicuius
685 4482 923 4550 constitutionis
941 4481 1099 4550 canonice
1114 4479 1168 4548 vel
1185 4478 1303 4562 civilis,

181 4577 346 4671 privilegii
372 4587 469 4656 etiarn
487 4591 539 4656 rel
557 4589 767 4675 indulgentie,
792 4592 834 4658 dc
858 4589 979 4676 quibus
1003 4589 1035 4654 in
1052 4587 1172 4654 nostris
1189 4585 1306 4652 littaris

237 4710 652 4756 uoruu.rsurc.rrrsr.-nrrn.a
692 4719 693 4722 ¹
1097 4693 1138 4760 16
