3210 5018
824 226 869 297 80

760 319 920 332 *nunu-

281 426 402 496 sereni
416 425 565 513 pertinet,
582 425 615 492 in
630 443 729 494 menn
747 425 894 496 Romene
909 423 1068 510 Ecclesie,
1085 425 1172 492 omni
1187 423 1347 494 dilutione
1362 443 1403 492 ec

283 535 496 604 excusatione
512 533 736 619 censentibus,
750 553 873 621 ponere
889 555 953 606 non
968 539 1160 620 postponas,
1182 541 1217 601 ut
1232 531 1402 619 providos·

280 663 352 710 mus
368 641 497 730 exinde,
517 649 612 728 prout
628 639 843 710 consideretis
859 641 983 728 negotii
998 639 1253 708 circumstantiis
1269 639 1403 708 utiliteti

280 756 314 818 el
328 751 517 818 necessitati
533 749 679 818 eiusdem
695 749 827 838 Imperii
843 747 1020 818 viderimus
1036 747 1212 833 expetire3
1239 745 1334 814 nobis
1351 767 1402 814 sn-

278 876 337 946 per
361 857 423 926 hoc
447 866 521 926 tuos
544 863 696 944 petentes
720 859 834 926 literas
859 877 919 946 per
944 857 1080 925 letorsm
1096 855 1296 942 presentium
1313 855 1401 922 omni

280 985 373 1034 more
387 967 571 1054 postposite
586 963 847 1034 trensmittendo.
879 966 1000 1032 Datum
1016 965 1172 1033 Laterani
1188 963 1243 1030 VI.
1259 963 1326 1029 luel.
1343 961 1403 1031 Fe·

283 1073 413 1160 bruerii,
430 1069 652 1164 (Pontiitetos
669 1067 786 1156 nostri)
801 1089 887 1138 enno
903 1071 962 1138 xl.

327 1285 390 1358 (lx.
410 1283 535 1359 somery
554 1281 630 1358 pdpc
648 1281 845 1358 Rogestdibdl,
864 1283 991 1343 Theiner
1008 1284 1038 1341 id
1057 1301 1094 1340 m.
1114 1282 1136 1340 Ι.
1155 1283 1214 1340 tot.
1235 1283 1295 1340 160.
1314 1283 1346 1356 l.)

718 1563 954 1576 —u—-u—-n

821 1895 875 1960 tt.

283 2075 340 2139 IX.
368 2075 503 2162 Gerpely
521 2078 616 2161 pcipe
640 2073 826 2161 mephapyja
850 2097 871 2138 o
895 2075 1154 2160 moqyororezdpi
1170 2073 1401 2160 ptepototoct,

282 2179 363 2268 ltoyy
379 2179 495 2266 Aszdo,
520 2205 541 2244 o
557 2180 706 2266 holpoirok
730 2179 921 2266 urullcodm'a
945 2180 1024 2247 ellen
1050 2182 1197 2247 temtos
1221 2181 1402 2266 hcdjdratot

655 2287 902 2354 tirderteeecoct.
928 2289 1025 2352 1238.

389 2465 566 2551 Gregorius
592 2466 774 2552 Episcopus
799 2473 860 2532 eto.
887 2465 1130 2556 venerabilibus
1156 2465 1310 2534 iratribus
1335 2467 1403 2532 uni-

283 2573 390 2640 versis
405 2573 579 2660 Episcopis
595 2594 654 2660 per
665 2573 844 2660 Ungeriem
860 2575 1055 2670 constitutis,
1071 2575 1209 2642 salutem
1226 2583 1287 2641 cte.
1304 2575 1403 2642 Sanc-

282 2681 442 2748 tissimem
458 2682 546 2750 Petri
562 2682 701 2770 Sedem,
718 2702 815 2766 quem
831 2703 896 2750 non
912 2691 1043 2750 terrene
1060 2680 1214 2748 fundavit
1229 2681 1401 2764 sententie,

281 2787 340 2856 sed
365 2789 447 2855 illud
472 2789 604 2854 verbnm
615 2841 624 2874 ‚
651 2809 715 2872 quo
741 2797 959 2857 constructum
977 2798 1028 2857 cst
1044 2789 1149 2858 celum
1166 2797 1200 2854 et
1215 2796 1320 2873 terre,
1346 2808 1403 2876 per

283 2894 367 2980 qnod
383 2893 525 2979 denique
542 2897 650 2963 omnis
666 2899 827 2964 elementa
846 2906 920 2964 sont
945 2897 1095 2981 condite,
1120 2898 1218 2966 Jesos
1244 2895 1403 2980 Christos,

282 3022 379 3086 quem
395 3001 469 3070 ideo
486 3023 585 3090 supra
601 3023 636 3071 se
651 3013 777 3088 petrem
793 3006 899 3072 erexit
924 3003 966 3070 ed
991 3005 1215 3072 beatissimum
1234 3005 1402 3090 Apostolo-

282 3126 351 3176 rum
363 3109 545 3196 Principem
562 3109 729 3194 ioquiens:
751 3113 819 3195 ,Tu
833 3131 870 3176 es
882 3111 999 3177 Petrus
1016 3119 1049 3176 et
1065 3131 1162 3197 super
1177 3111 1262 3176 hene
1277 3121 1403 3195 petrem

282 3215 442 3284 edifioebo
459 3217 644 3286 Ecclesium
660 3238 766 3284 meam
777 3215 807 3302 ,“
826 3225 861 3282 ut
878 3219 981 3284 eterni
999 3219 1111 3302 templi
1128 3225 1289 3284 structure
1307 3217 1403 3284 mire·

282 3325 341 3391 bili
356 3345 487 3393 munero
497 3325 616 3394 Dirioe
631 3326 737 3412 gretie
756 3326 789 3391 in
805 3333 897 3409 petre
913 3325 1080 3393 soliditate
1097 3326 1299 3407 consisteret,
1317 3331 1349 3391 et
1365 3323 1403 3390 il·

281 3433 347 3498 lem
363 3453 424 3499 nec
440 3433 583 3500 humane
597 3432 764 3502 temeritas
781 3440 893 3518 posset
909 3439 1085 3518 appetere,
1105 3452 1165 3499 nee
1181 3441 1294 3500 contre
1310 3433 1402 3498 illem

281 3545 375 3622 porte
399 3538 496 3606 inferi
521 3542 746 3628 prevalerent3
772 3543 857 3608 hene
882 3543 993 3625 iteqoe
1020 3548 1113 3626 petre
1143 3541 1402 3608 secretissimum

281 3643 466 3714 firmitatem
480 3647 552 3716 Deo
568 3649 743 3718 edificeute
760 3659 979 3718 constructam
1000 3649 1212 3734 presentiens
1227 3649 1340 3716 nititur
1355 3645 1401 3712 ni-

174 3816 178 3825 .
282 3752 344 3818 nois
368 3755 469 3839 impie
494 3756 637 3841 violare,
663 3757 810 3841 quisquis
835 3765 1032 3842 potestatem
1049 3759 1118 3824 eius
1134 3763 1274 3842 temptet
1288 3756 1399 3824 infrin-

282 3879 377 3944 gere,
403 3863 456 3930 rel
472 3863 514 3930 ab
531 3864 600 3932 eius
617 3866 771 3934 recedere
786 3867 928 3950 unitate,
955 3866 1034 3948 quie
1050 3883 1121 3932 cnm
1138 3865 1322 3948 unigenitus
1339 3860 1402 3928 Dei

282 3967 369 4036 filins
394 3977 503 4036 eterne
528 3971 595 4038 vite
619 3973 784 4056 clavigero
800 3974 842 4040 ob
858 3971 1018 4040 fervorem
1037 3971 1300 4042 constantissimo
1325 3968 1401 4036 fidei

282 4075 406 4160 ligendi
421 4083 456 4142 et
470 4077 619 4146 solvendi
635 4079 809 4148 contulerit
825 4087 1042 4165 potestatem,
1067 4079 1138 4163 ipso
1164 4079 1228 4146 sibi
1253 4079 1400 4144 dicente:

286 4183 538 4268 „Quodcumque
562 4184 719 4270 ligaveris
743 4185 826 4255 etc.“
853 4196 887 4256 et
911 4195 1044 4276 propter
1066 4187 1216 4254 meritum
1233 4183 1401 4252 ferventis·

282 4289 362 4356 sime
379 4289 526 4358 caritatis
541 4291 726 4378 pascendas
751 4295 815 4360 sibi
840 4295 1036 4362 commiserit
1052 4313 1130 4362 oves
1145 4313 1223 4361 sues
1240 4293 1398 4362 dicendo:

232 4392 235 4398 '
283 4393 415 4475 „Simon
430 4397 593 4466 Johennis
608 4397 719 4484 diligis
735 4418 786 4467 me
802 4402 875 4487 plus
891 4401 965 4480 hiis,
981 4419 1083 4486 pesce
1099 4419 1178 4470 oves
1193 4419 1286 4468 meos
1296 4396 1324 4485 ;“
1344 4399 1400 4485 qui

281 4521 354 4574 eum
369 4523 434 4570 non
451 4505 635 4590 receperint
647 4507 680 4573 in
697 4515 882 4594 pastorem,
909 4507 952 4575 eb
975 4510 1080 4594 ipsius
1097 4515 1271 4576 censentur
1286 4507 1401 4576 orites
