3220 5058
184 947 243 1015 IX.
262 946 395 1036 Gerpelp
406 953 499 1042 pdpa
514 973 536 1015 o
549 947 655 1014 tonet
664 947 868 1038 pttoptilcdnck
883 945 1090 1034 mcpdoppjo,
1107 949 1184 1034 dopy
1199 969 1238 1011 oz
1255 969 1303 1013 es·-

182 1055 268 1142 aalys
290 1057 472 1143 pttapo'lcucit
495 1078 518 1120 o
542 1055 766 1142 Boroaosdpro
794 1052 964 1120 oouotloozd
984 1053 1121 1144 ttpydbca
1130 1057 1251 1143 jeroo
1266 1053 1303 1118 el.

693 1163 792 1230 1235.

291 1343 468 1430 Gregorius
492 1349 552 1410 etc
578 1341 760 1411 venerabili
783 1341 878 1410 fratri
905 1342 1071 1430 Episcopo
1087 1342 1303 1411 cumanorum

186 1455 246 1518 etc.
273 1453 389 1520 Coram
414 1452 597 1518 venerabili
620 1451 720 1519 fratre
744 1458 854 1518 nostro
871 1452 1035 1539 Episcopo
1051 1451 1305 1534 Prenestineusi,

184 1559 261 1626 dum
277 1560 474 1644 inpartibus
488 1558 638 1643 Ungarie
653 1559 827 1640 legationis
844 1557 951 1625 officio
977 1561 1190 1645 iungeretur,
1209 1579 1305 1628 vene-

183 1665 399 1748 rabiliiratre
414 1671 525 1732 nostro
542 1713 549 1730 .
568 1714 575 1730 .
594 1713 601 1728 .
618 1662 844 1731 Uitrasilvano
860 1663 1025 1750 Episcopo
1042 1671 1156 1732 contra
1172 1709 1181 1728 .
1199 1715 1207 1732 .
1224 1715 1231 1732 .
1250 1667 1305 1734 de·

186 1779 363 1840 canumet
387 1771 577 1842 sacerdotes
604 1772 645 1838 de
670 1776 759 1838 terra
783 1771 889 1839 Burue
915 1769 1100 1858 deponente
1119 1769 1216 1856 super
1232 1773 1306 1840 obe-

185 1881 311 1949 dientia
328 1887 361 1947 et
376 1881 559 1946 reverentia
575 1880 789 1963 questionem,
800 1879 844 1944 ad
855 1899 937 1963 quas
954 1880 1019 1946 sibi
1033 1881 1232 1966 prestandas
1249 1899 1307 1948 eos

184 1987 393 2055 condemnari
417 1987 552 2072 petebat
575 1985 816 2072 possessorium
832 1985 1032 2054 intendendo
1057 2005 1097 2053 ae
1123 1987 1182 2054 lite
1208 2007 1308 2072 super

183 2095 247 2162 hiis
262 2115 370 2161 coram
387 2113 427 2160 eo
443 2094 588 2177 legitime
604 2093 789 2186 contestata
800 2095 982 2179 etrcocptis
995 2095 1132 2162 testibus
1143 2095 1305 2163 hincinde

183 2203 372 2290 productis,
392 2201 480 2268 idem
495 2201 640 2284 Legatos
666 2205 842 2283 antequam
860 2201 1045 2286 imponeret
1061 2201 1156 2268 finem
1174 2204 1306 2290 negotio

183 2308 227 2376 ad
251 2307 370 2379 Sedens
393 2308 618 2395 Apostolicom
644 2313 695 2374 est
720 2325 880 2374 reversus.
919 2309 1186 2379 Procuratoribus
1211 2311 1307 2397 igitur
1397 2335 1401 2350 ¹

184 2418 325 2504 partium
350 2422 482 2502 propter
506 2414 567 2480 hoe
592 2415 626 2480 in
649 2419 762 2480 nostra
787 2414 953 2496 presentia
971 2417 1154 2486 constitutis
1170 2417 1307 2484 eundem

184 2521 470 2594 Prenestinensem
496 2521 645 2589 dedimus
671 2521 864 2588 auditorem.
888 2522 951 2601 Qui
967 2525 1107 2610 partium
1123 2523 1307 2592 rationibus

184 2631 362 2699 intellectis
379 2637 411 2699 et
426 2631 547 2699 auditis
563 2650 756 2715 quecunque
768 2631 901 2703 volucre
911 2651 1093 2718 proponere
1103 2649 1210 2699 coram
1223 2632 1307 2718 ipso,

185 2739 351 2826 predictos
376 2740 568 2807 sacerdotes
593 2737 702 2804 eidem
727 2736 891 2824 Episcopo
907 2737 1071 2824 adpetita
1086 2757 1145 2822 per
1164 2737 1308 2804 diffiniti-

184 2866 258 2913 vam
275 2847 471 2914 senteutiam
487 2843 727 2927 condemnarit,
744 2845 908 2930 prefatum
924 2842 1095 2930 decanum,
1112 2846 1190 2931 quis
1205 2845 1308 2913 nichil

184 2953 356 3040 probatum
382 2951 489 3020 extitit
515 2959 630 3020 contm
654 2969 727 3017 eum
753 2951 796 3017 ab
811 2949 1016 3039 impetitione
1031 2951 1136 3041 ipsius
1151 2954 1310 3041 Episcopi

187 3058 398 3130 absolvendo.
425 3059 573 3127 Tandem
587 3061 666 3126 raro
681 3060 709 3125 Ι.
725 3057 969 3128 Archidiacono
985 3061 1028 3128 de
1043 3059 1180 3130 Tilecde
1194 3083 1309 3148 procu·

185 3176 294 3236 ratane
310 3168 390 3236 dicti
405 3167 561 3254 Episcopi
575 3187 675 3254 super
691 3168 883 3234 executione
898 3169 1028 3254 prefate
1043 3169 1205 3236 sententie
1219 3169 1310 3233 litte-

186 3296 241 3343 ras
256 3275 466 3362 Apostolicas
482 3276 687 3362 impetrante,
704 3275 844 3344 dilectus
859 3275 948 3342 tilius
963 3275 1151 3342 Riohuiuus
1161 3273 1311 3340 Ecclesio

186 3386 332 3450 Romane
350 3383 511 3468 Syudious
527 3383 560 3450 in
577 3382 745 3450 audientia
760 3382 893 3465 publica
909 3379 1117 3464 contradixit,
1129 3379 1246 3463 quibus
1263 3379 1311 3446 di·

187 3491 305 3557 lectnm
330 3490 429 3558 tilium
450 3497 596 3558 nostrum
613 3489 652 3557 0.
670 3489 784 3556 Sancti
799 3488 933 3555 Nicolai
947 3488 981 3554 in
995 3489 1139 3556 Oarcere
1154 3486 1310 3555 Tulliano

187 3597 370 3664 Diaconum
406 3597 613 3666 cardinalem
650 3595 833 3664 auditorem
865 3594 1016 3664 duximus
1049 3595 1306 3674 couoedcndumr

189 3723 298 3770 eoram
314 3724 379 3787 quo
388 3753 397 3787 ,
410 3705 482 3788 jam
497 3703 585 3769 dioto
600 3701 838 3770 Archidiacono
853 3709 1003 3790 petente,
1020 3703 1204 3772 executioni
1220 3725 1308 3772 man·

189 3810 259 3878 dari
275 3811 472 3880 sententiam
487 3808 715 3897 supradictam,
742 3818 776 3878 at
791 3810 904 3878 eodem
918 3811 1061 3900 Syudico
1076 3811 1309 3900 respondente,

189 3917 412 3986 executionem
428 3917 615 4004 hujusmodi
630 3918 700 3986 fieri
715 3939 781 3986 uon
805 3909 945 4005 debere,
972 3941 1043 3988 oum
1060 3920 1094 3986 id
1108 3921 1142 3986 in
1158 3919 1308 3987 Romane

189 4025 338 4094 Ecclesie
363 4023 580 4110 prejudicium
603 4025 821 4110 redundaret,
848 4047 911 4110 que
941 4027 975 4104 in
1000 4027 1233 4110 premissorum
1257 4023 1312 4091 rel

189 4133 284 4216 qnasi
298 4134 508 4220 possessione
525 4133 689 4217 consistit,
706 4141 801 4218 prout
815 4153 853 4200 sa
868 4133 986 4200 obtulit
1000 4134 1229 4220 probaturum,
1247 4149 1312 4215 quo

189 4241 298 4310 omnia
322 4239 408 4308 idem
426 4239 620 4309 ¹(iardinalis
644 4241 737 4310 nobis
760 4239 901 4308 fideliter
926 4240 1037 4308 retulit
1068 4248 1101 4306 et
1126 4240 1312 4325 prudenter.

190 4347 275 4438 Quia
297 4367 397 4434 super
422 4347 485 4416 hoo
509 4349 598 4434 apud
622 4347 742 4416 Sodem
766 4348 991 4434 Apostolicam
1017 4367 1082 4414 uon
1097 4351 1228 4430 poterat
1242 4343 1312 4413 fleri

189 4454 368 4535 certitudo,
393 4453 594 4523 fraternitati
620 4461 675 4520 tuo
688 4475 749 4541 per
763 4455 954 4542 Apostolioa
970 4453 1093 4538 scripta
1107 4450 1312 4548 mandamus,

196 4567 353 4644 quatemus
368 4562 515 4648 partibus
531 4561 719 4650 convocatis
734 4567 768 4648 at
782 4559 923 4660 receptis
937 4551 1205 4646 probationibus,
1228 4573 1313 4639 quas
