3140 5044
659 253 816 360 Q

174 459 282 520 castro
299 449 456 537 dispersis
467 451 600 540 judices
612 449 777 518 constituti
787 448 961 517 fuissemus
977 435 1061 516 inter
1077 455 1187 520 cetera
1201 452 1298 524 Nico·

172 561 246 627 laus
263 559 349 628 filios
359 557 459 648 Opus,
470 559 573 628 Boleb
590 559 674 626 filius
692 555 824 639 blatbie,
840 555 988 624 Andreas
999 556 1084 624 filius
1100 559 1248 628 Farcasii
1258 579 1298 629 ac

169 665 544 752 aliijobagionescastri
560 663 1053 736 PosoniensisThomamfilium
1066 663 1206 752 Ombud,
1232 667 1297 737 Gu-
1318 711 1322 716 -

171 773 744 860 than,Hejdur,(londram,Demen,
766 773 945 856 Zoynlaum
966 777 998 840 et
1018 772 1179 842 Thomam
1195 771 1297 842 tilium

172 879 297 949 Milvan
322 903 361 948 ao
387 883 535 971 Heydur,
550 882 636 950 filios
656 883 873 967 jobagionnm
897 881 1012 948 Sancti
1036 881 1138 968 Regis
1159 882 1201 951 de
1216 881 1297 950 villa

171 985 303 1054 Kareba
314 989 347 1056 in
358 995 472 1058 nostra
483 995 703 1058 conuenerunt
713 986 898 1074 presencia,
910 989 1188 1073 etproponcbant:
1204 987 1300 1068 Quod

172 1113 244 1162 cum
260 1095 409 1164 dominus
426 1099 497 1164 Rex
512 1104 660 1184 tempore
677 1095 899 1164 reuocacionis
915 1097 1172 1181 perpetuitatem
1188 1098 1297 1165 omnia

166 1203 247 1288 jura
265 1209 298 1271 et
322 1210 441 1273 statum
466 1207 567 1276 castri
594 1203 805 1274 Posoniensis
829 1201 1017 1270 ordinasset
1031 1205 1249 1290 personaliter
1263 1209 1297 1271 et

171 1319 373 1389 renovasset,
385 1314 518 1382 nomina
534 1313 676 1380 omnium
688 1312 901 1398 jobugionum
917 1329 957 1376 ac
972 1310 1111 1377 aliorum
1126 1311 1298 1397 cuiuscun-

171 1435 235 1500 que
246 1419 445 1486 condicionis
461 1419 626 1487 hominum
644 1420 687 1486 ad
702 1417 737 1485 id
748 1423 889 1486 castrum
900 1417 1140 1503 pertinencium
1155 1417 1188 1486 in
1203 1425 1294 1487 teno-

174 1544 244 1591 rem
260 1526 398 1612 regestri
413 1527 549 1611 Regalis
566 1525 800 1610 concludendo,
820 1525 919 1593 iidem
935 1523 1085 1594 homines
1101 1524 1144 1594 de
1158 1526 1293 1607 Karoia

174 1633 411 1701 remansissent
435 1633 560 1703 exclusi
585 1654 607 1700 a
631 1641 789 1718 regestro.
812 1632 864 1700 Ad
887 1632 949 1700 bec
974 1633 1133 1700 nominati
1147 1633 1298 1702 homines

172 1741 436 1828 respondebant,
461 1740 643 1826 quodlicet
660 1741 792 1810 nomina
808 1739 953 1826 ipsorum
971 1744 1153 1824 regestrum
1170 1739 1297 1824 Regale

174 1866 240 1914 non
257 1847 456 1932 contineret,
480 1855 590 1916 umen
605 1869 626 1915 a
642 1851 749 1933 prima
773 1849 898 1932 origine
914 1845 1058 1934 ipsorum
1075 1865 1204 1934 semper
1219 1846 1298 1914 fuis·

175 1960 249 2020 sent
265 1962 297 2023 et
323 1963 436 2022 essent
461 1957 530 2023 veri
554 1947 612 2022 filii
624 1955 844 2040 jobagionum
860 1956 974 2024 Sancti
990 1954 1106 2040 Regis.
1122 1955 1175 2024 Ad
1190 1955 1252 2024 boo
1268 1959 1301 2021 et

175 2062 264 2144 quod
280 2061 351 2128 sine
367 2063 505 2149 strepitu
526 2062 678 2147 judiciali
693 2061 830 2129 libertas
856 2063 1000 2150 ipsorum
1016 2082 1082 2130 non
1097 2067 1252 2148 gravetur
1266 2063 1301 2131 in

178 2169 298 2258 aliquo,
313 2171 428 2239 literas
446 2169 566 2239 domini
591 2171 692 2260 Regis’
718 2175 871 2258 patentes
897 2169 992 2240 nobis
1009 2169 1224 2239 exbibuerunt
1239 2172 1300 2240 sub

174 2275 238 2344 bae
254 2278 378 2346 forma:

281 2387 350 2455 Nos
366 2389 403 2453 Β.
422 2386 484 2454 Dei
501 2387 615 2470 gracia
631 2389 700 2454 Rex
718 2386 887 2473 Hungarie
903 2385 1128 2472 significamus
1137 2385 1299 2455 universis

174 2509 311 2576 presens
329 2494 484 2581 scriptum
499 2494 706 2581 inspecturis,
717 2492 804 2578 quod
819 2493 1016 2562 accedentes
1031 2494 1075 2563 ad
1090 2493 1295 2580 presentiam

173 2609 320 2670 nostram
346 2603 490 2670 Thomas
501 2609 534 2670 et
551 2603 682 2671 Deman
706 2600 765 2668 lilii
778 2599 916 2686 Ombud,
933 2601 1043 2670 (iotha
1060 2602 1298 2688 filiusAndree,

176 2707 297 2794 Zoyzlo
312 2709 398 2777 filius
424 2711 525 2797 Vega,
542 2717 575 2777 ct
595 2709 739 2777 Thomas
756 2709 842 2775 filins
858 2709 983 2776 Milvan
999 2709 1041 2776 de
1057 2711 1136 2778 villa
1152 2707 1298 2792 Karcha,

174 2817 231 2900 qui
247 2837 283 2886 se
299 2816 384 2886 filios
404 2807 630 2902 jcbagionum‘
645 2813 759 2884 Sancti
783 2817 885 2901 Regis
901 2816 1106 2899 asserebant,
1125 2836 1187 2884 sua
1203 2813 1298 2883 nobis

172 2923 396 2991 insinuaeione
419 2924 680 3009 demostrarnnt,
709 2929 745 2990 ut
771 2942 844 2990 eum
861 2923 995 3005 quidam
1011 2922 1133 2992 inimici
1152 2924 1299 3010 ipsorum

174 3029 216 3097 de
232 3032 424 3100 Posoniensi
440 3031 602 3100 domitatis
619 3037 823 3120 superstate
840 3031 1003 3100 libertatis
1019 3031 1162 3118 ipsorum
1179 3051 1236 3100 eos
1246 3025 1300 3097 ve-

175 3137 238 3205 lint
252 3139 409 3224 impetere
420 3145 653 3228 aggravantes,
681 3140 815 3207 eosdem
836 3137 923 3224 juris
948 3139 1065 3206 ordine
1088 3159 1155 3205 non
1170 3143 1301 3206 serrato

175 3243 362 3314 libertatem
378 3247 523 3332 ipsorum
539 3247 609 3314 sine
621 3246 739 3332 judicii
751 3247 891 3331 strepitu
911 3265 975 3312 uon
991 3244 1252 3328 permitteremus
1267 3243 1302 3308 in

176 3353 287 3437 aliquo
299 3353 467 3421 vacillare.
485 3355 527 3420 nt
543 3354 620 3437 quia
638 3352 815 3422 eorundem
831 3352 954 3436 peticio
967 3351 1061 3434 justa
1076 3350 1184 3418 fuerat
1200 3354 1233 3417 et
1246 3350 1302 3418 ho·

175 3468 279 3546 nesta,
296 3467 408 3548 utpote
430 3462 628 3530 conveniens
656 3459 812 3544 equitati,
837 3459 879 3525 de
891 3457 1097 3544 benignitate
1112 3457 1301 3524 admisimus

176 3575 340 3646 consueta,
356 3569 574 3656 precipientes
584 3563 913 3650 omnibnsjudicibus
929 3561 1062 3630 firmiter
1078 3569 1110 3630 et
1138 3562 1296 3650 districte,

176 3681 210 3742 ut
225 3677 334 3744 nullus
351 3677 443 3763 ipsos
460 3681 663 3762 superstate
687 3671 850 3741 libertatis
867 3673 1011 3760 ipsorum
1027 3679 1229 3758 presummat
1244 3695 1301 3760 ag·

177 3802 327 3870 gravere,
351 3785 414 3852 nisi
429 3790 525 3872 prout
552 3783 657 3869 exigit
673 3781 752 3850 ordo
765 3781 864 3868 juris.
881 3781 1003 3848 Datum
1018 3779 1150 3848 Posonii
1165 3781 1199 3846 in
1213 3787 1301 3850 ecta·

177 3890 227 3956 vis
243 3891 471 3977 Apostolorum
488 3891 576 3959 Petri
592 3897 626 3958 ct
641 3891 745 3957 Pauli.

281 3998 350 4064 Nos
367 3998 465 4082 igitur
481 3997 669 4083 diligentem
703 3998 864 4065 facientes
880 3995 1128 4080 inquisicionem
1144 3995 1253 4063 oculte
1269 4001 1302 4061 et

176 4104 351 4172 manifeste
367 4125 464 4192 super
479 4106 630 4174 libertate
646 4108 791 4192 ipsorum
802 4125 862 4192 per
873 4122 986 4172 omnes
999 4103 1198 4189 jobagiones
1214 4101 1301 4184 ejus-

176 4209 250 4279 dem
268 4215 367 4300 sueri,
383 4219 583 4299 castrenses,
601 4219 634 4281 et
649 4213 781 4282 nobiles
794 4211 944 4298 ejusdem
959 4210 1127 4297 provincie
1159 4205 1303 4274 constitit

177 4319 290 4405 nobis,
318 4339 375 4388 eos
392 4320 493 4388 inisse
510 4327 542 4386 et
558 4338 633 4388 esse
650 4339 745 4388 veros
770 4317 854 4386 filios
865 4319 1080 4405 jobagionum
1106 4315 1218 4382 Sancti
1242 4313 1302 4380 Re·

176 4425 248 4510 gia;
273 4427 354 4494 etin
371 4427 661 4504 eadcmlibertate‚
678 4445 743 4508 qua
758 4423 955 4511 gaudebant,
975 4421 1106 4490 eosdem
1125 4429 1214 4487 stare
1231 4440 1302 4505 per·

177 4533 326 4601 misimus
341 4535 373 4600 in
394 4543 587 4621 perpetuum
608 4531 743 4620 pacifice
763 4539 796 4600 et
816 4533 936 4616 quiete.
952 4531 994 4596 Et
1029 4528 1072 4592 ud
1097 4525 1242 4612 eJusdem
1255 4525 1301 4591 rei

237 4656 589 4702 uonumnuuu.u1sr.-
604 4655 685 4700 nnn.
700 4659 720 4698 r.
1103 4635 1142 4700 17
