3154 5038
707 283 789 364 261,

186 482 379 554 indicandis
405 483 483 548 terri
508 482 607 549 castri
632 477 814 547 Posoniens
831 478 985 545 isiuiceds
1000 478 1164 546 constituti
1181 479 1297 546 fnisse·

184 611 267 673 mus,
294 594 378 658 inter
394 597 503 658 cetera
518 590 634 656 Petrus
645 586 731 653 filius
746 587 870 654 lliceta
885 583 983 672 (lgy),
1000 585 1100 651 Bclch
1128 584 1213 652 filius
1238 586 1306 652 Ma·

182 699 261 784 thie,
287 698 382 766 Boda
409 697 497 763 filius
521 695 662 762 Dionisii
678 696 719 762 de
736 695 864 761 Zovvor
873 744 882 778 ,
908 695 1037 780 Boreyn
1055 693 1096 761 de
1112 693 1188 759 llka
1205 699 1238 759 et
1254 691 1311 758 alii

181 805 378 891 jobagioncs
395 804 503 872 Oestri
528 803 738 870 Posoniensis
755 823 820 869 una
836 822 908 869 cnm
924 801 1006 869 Petln
1022 809 1056 869 ct
1072 802 1221 887 cognatis
1237 803 1305 869 suis

185 912 414 996 castrensibus
430 914 472 980 dc
488 911 569 979 villa
584 911 733 979 chondol
750 910 923 978 Nicolaum
934 909 1037 976 filium
1048 909 1141 996 'Ppuz
1151 909 1184 974 in
1196 913 1309 976 nostra

182 1028 401 1089 conuenerunt
416 1020 593 1106 presencia
604 1026 637 1085 et
646 1019 891 1105 proponebant;
915 1018 1003 1100 quod
1018 1025 1138 1084 terram
1150 1015 1302 1088 chondot

182 1128 223 1195 dc
240 1129 311 1194 iuro
327 1128 435 1194 Castri
452 1125 648 1193 existentem
664 1126 825 1192 detineret
840 1146 899 1210 per
915 1125 1096 1196 indebitam
1114 1126 1301 1210 occupaoio-

184 1254 267 1300 nem.
292 1232 449 1318 Ad'quod
459 1233 547 1300 idem
556 1231 723 1314 Nicolaus,
735 1234 769 1298 in
780 1251 875 1315 quem
886 1232 1059 1317 agebatur,
1077 1230 1297 1317 respondebat

187 1339 274 1424 quod
290 1341 395 1425 ipsam
422 1347 563 1424 terram,
589 1359 685 1423 quam
711 1341 791 1408 Pcet
808 1337 893 1426 (lgy)
910 1347 943 1405 et
959 1343 1010 1407 sui
1026 1338 1160 1424 cognati
1175 1339 1218 1406 ab
1234 1339 1307 1425 ipso

181 1448 358 1531 requirnnt,
381 1466 446 1512 non
463 1446 619 1532 indebite,
635 1447 744 1514 sodex
756 1447 937 1514 donacione
953 1447 1074 1514 domini
1100 1447 1201 1532 Regis
1217 1448 1306 1515 insta

182 1562 216 1622 et
232 1553 379 1636 legitima
390 1551 592 1638 possedisset
607 1559 639 1618 et
660 1553 852 1639 possideret,
870 1555 963 1622 etad
979 1553 1124 1620 eiusdem
1147 1553 1301 1620 donacio·

180 1659 233 1728 nis
249 1659 529 1726 confirmacionem
554 1659 761 1745 priuilegium
789 1660 911 1726 domini
937 1661 1018 1728 Belo
1042 1661 1180 1728 illustris
1206 1661 1308 1747 Regis

181 1765 328 1852 Vngario
344 1785 454 1832 coram
469 1765 728 1833 nobissxhihuit.
746 1767 784 1832 ln
802 1769 894 1832 cuins
910 1774 1021 1834 tenore
1038 1768 1122 1834 satis
1149 1788 1309 1853 expresso

184 1873 416 1958 intelleximus,
444 1874 549 1958 ipsam
574 1882 695 1942 terram
712 1877 794 1940 iuste
810 1883 843 1940 et
859 1875 1003 1959 legitime
1019 1895 1078 1962 per
1093 1882 1307 1943 memoratum

183 1983 350 2050 dominum
365 1985 489 2069 Regem
506 1985 663 2052 collatam
673 1983 775 2051 luisse
786 1984 926 2052 Nicolao
938 1989 1124 2053 memorato.
1136 1985 1230 2052 Vnde
1246 2007 1312 2054 nos

189 2090 402 2158 donacionem
413 2090 1307 2179 Regiamproratoetfirmohabentesdgy),sepedictam

184 2203 303 2263 terram
335 2198 483 2266 Chondol
508 2199 654 2286 predicto
680 2200 823 2268 Nicolao
848 2207 1008 2285 perpetuo
1034 2201 1103 2265 inre
1119 2191 1307 2284 reliquimus

182 2304 243 2370 snb
260 2305 342 2391 ipsis
367 2306 478 2391 metis,
508 2327 572 2392 que
588 2307 621 2374 in
642 2307 814 2392 privilegio
836 2307 959 2374 domini
975 2307 1074 2391 Regis
1091 2311 1305 2394 continentur,

179 2411 429 2495 possidendam.
446 2413 488 2478 Et
504 2414 549 2480 ad
565 2414 711 2482 eiusdem
729 2415 777 2481 rei
795 2413 1078 2481 confirmacionem
1090 2415 1218 2484 litteras
1232 2437 1305 2503 pre·

180 2526 289 2588 sentes
313 2520 493 2606 sigillorum
524 2528 707 2588 nostrornm
738 2522 920 2607 patrocinio
959 2523 1129 2590 roboratas
1156 2525 1304 2592 duximus

184 2629 427 2697 concedendas.
444 2629 566 2696 Datum
583 2630 715 2697 Posonii
733 2631 766 2694 in
784 2631 909 2696 octanis
936 2631 1050 2698 Sancti
1068 2631 1199 2697 Nicolai
1215 2651 1302 2698 anno

179 2733 353 2802 Dominice
379 2736 624 2804 lnoarnacionis
650 2735 823 2802 millesimo
850 2736 1073 2804 ducentesimo
1099 2736 1300 2823 quinquage-

181 2840 264 2908 simo
280 2841 402 2924 quinto.

288 3017 398 3086 λιμμα.
418 3016 552 3090 Hirtyrln
574 3017 804 3089 rasponum
816 3017 964 3074 ntdornak
978 3019 1066 3078 kerslr
1080 3021 1197 3092 pecsdte
1209 3021 1302 3080 fehdr·

180 3121 262 3163 vareo
275 3105 403 3176 solymam
416 3106 495 3178 lttgg,
508 3107 637 3164 kdrirata
650 3107 814 3166 coanimare
828 3107 890 3165 mar
902 3109 932 3164 lri
944 3127 1009 3166 nem
1020 3109 1130 3168 vehetd.
1141 3111 1168 3168 A
1180 3111 1305 3183 purpok-

180 3195 237 3250 nol
250 3191 384 3264 tojtsdad
398 3194 513 3266 pecsdte
525 3197 612 3270 pedig
624 3197 776 3271 sdrgandld
786 3200 914 3270 selymen
926 3199 1005 3272 sugg,
1017 3201 1101 3268 joval
1113 3200 1217 3254 kiaebb
1227 3215 1245 3254 a
1254 3199 1302 3256 nt·

179 3281 310 3354 dordntl,
323 3285 442 3342 czimere
453 3283 654 3357 ptratorbotos
667 3289 810 3360 ptlrpdkdt
820 3287 948 3357 dbrtlzol,
962 3287 1088 3344 kdriratn
1100 3289 1126 3342 sl
1136 3304 1200 3342 nem
1210 3287 1303 3343 olcas-

180 3372 258 3430 hato.
271 3403 308 3414 -
319 3373 427 3430 Kiadta
440 3374 476 3430 de
490 3374 628 3432 htbtkkal
640 3375 725 3448 Fejer
738 3376 807 3432 cod.
820 3377 899 3450 Dipl.
912 3375 962 3434 IV.
975 3379 1003 3432 k.
1018 3377 1054 3432 11.
1067 3394 1089 3431 r·
1103 3375 1165 3431 329.
1178 3377 1197 3431 l.

182 3548 476 3624 (Poasonyidptalani
486 3553 621 3624 orrndgos
630 3552 750 3610 lcvdlttr
760 3551 855 3625 (lapsa
866 3551 947 3610 xlv.
959 3555 1031 3611 fasc.
1041 3555 1067 3611 3.
1081 3555 1130 3613 Nn.
1144 3555 1187 3614 18.
1199 3559 1302 3613 Kasos,

936 3673 953 3711 ο
