3220 5058
732 797 789 868 38.

126 1001 129 1008 ’
195 981 328 1070 Gerpelp
354 983 444 1070 pydri
461 981 656 1068 pttopdknelc,
681 982 761 1046 mint
778 979 940 1046 'tituletur
959 981 1094 1046 birdook
1120 979 1187 1045 t'o'bh
1204 980 1317 1048 torosa

193 1091 399 1156 udvamokot
416 1092 446 1156 έι
460 1089 597 1174 Saddar,
614 1091 816 1174 Ldrioczfim
832 1090 916 1154 kdzta'
926 1091 1009 1154 cittis
1028 1089 1163 1156 tdlcdrcot‘
1176 1089 1317 1164 birtokra

530 1206 621 1264 aiace
637 1199 863 1264 temeritatem.
882 1199 981 1264 1237.

305 1375 489 1462 Capitulum
505 1376 653 1444 Ecclesie
673 1376 857 1444 Jauriensis
882 1376 1043 1444 universis
1069 1376 1189 1445 christi
1214 1377 1317 1447 fidoli·

196 1487 257 1553 bus
273 1491 442 1571 presentes
458 1483 571 1551 literas
587 1484 784 1570 inspecturis
800 1487 939 1552 salutem
955 1487 989 1551 in
1004 1505 1081 1553 varo
1098 1486 1246 1555 salutari.
1257 1489 1316 1555 Ve-

197 1599 265 1661 stra
289 1594 415 1661 noverit
439 1592 637 1659 universitas
661 1593 776 1659 literas
802 1592 1000 1661 venerabilis
1025 1593 1128 1678 patris
1153 1595 1253 1662 nostri
1277 1595 1316 1662 G.

198 1700 354 1788 Episcopi
370 1699 554 1768 lauriensis
570 1717 629 1764 nos
644 1697 678 1764 in
694 1699 779 1765 hunc
795 1697 925 1764 modum
942 1697 1132 1784 inspecisse.

302 1809 372 1875 Nos
390 1806 566 1890 Gregorius
583 1805 644 1872 Dei
661 1805 776 1890 gracia
792 1805 974 1891 Episcopus
994 1805 1175 1874 Jaurienais
1200 1808 1318 1892 signifi·

197 1933 309 1982 camus
325 1914 474 1982 omnibus
489 1919 659 1998 presentes
675 1913 790 1979 literas
813 1913 1016 1997 inspecturis.
1043 1912 1136 1992 Quod
1161 1933 1234 1980 cum
1257 1937 1319 1985 nos

196 2023 391 2091 austeritate
417 2019 538 2089 domini
563 2019 643 2088 Bele
658 2021 761 2106 Regis
776 2020 917 2089 lllustris
933 2019 1103 2102 Hungarie
1127 2021 1160 2086 in
1185 2023 1319 2109 Episco-

197 2135 276 2215 patu
292 2136 402 2196 nostro
419 2147 517 2214 super
533 2128 643 2194 causis
659 2136 817 2196 terrarum
834 2146 1124 2212 cognosceremus,
1151 2129 1320 2198 vdvomici

196 2235 331 2304 darilla
346 2236 464 2303 Borost
479 2255 615 2322 quorum
631 2236 764 2303 nomina
778 2237 863 2320 Itol,
890 2234 1023 2321 Chopou
1032 2286 1041 2320 ,
1062 2236 1158 2302 Petur
1167 2287 1176 2323 ,
1194 2236 1319 2322 Medre,

154 2421 156 2426 ¹
196 2364 236 2411 ac
253 2361 366 2410 eorum
382 2344 500 2411 Comes
516 2343 649 2410 Simeon
674 2342 715 2409 de
740 2343 822 2409 villa
839 2342 935 2428 Syta,
953 2349 987 2408 et
1001 2341 1194 2426 iobagiones
1210 2363 1320 2411 eorum
1416 2399 1417 2404 ,

196 2452 383 2521 Bertolinus
400 2457 432 2518 et
448 2449 572 2534 Endus,
591 2450 812 2519 Alexandrum
822 2451 932 2518 lilium
948 2451 1119 2536 Laureucij
1137 2468 1246 2520 coram
1261 2473 1318 2518 no-

195 2559 248 2626 bis
263 2564 434 2627 traxerunt
457 2559 492 2626 in
517 2577 650 2628 causam
667 2565 874 2644 asserentes,
900 2577 972 2626 eum
996 2566 1115 2626 terram
1141 2579 1250 2627 eornm
1276 2559 1320 2628 ad

197 2667 262 2734 duo
278 2675 390 2738 aratra
405 2667 621 2736 sufficientem
644 2667 679 2732 in
696 2667 776 2733 villa
792 2666 941 2733 Tueureh
957 2687 1016 2753 per
1030 2667 1226 2734 violenciam
1241 2667 1320 2736 deti·

195 2795 293 2860 nere,
319 2793 418 2858 quam
442 2773 529 2842 idem
552 2773 741 2843 Alexander
766 2772 810 2840 ad
836 2792 873 2841 se
889 2773 1030 2842 asseruit
1045 2773 1115 2842 iuro
1129 2773 1320 2844 hereditatis

196 2883 372 2968 pertinere.
393 2884 463 2950 Nos
481 2891 589 2951 autem
607 2881 728 2950 auditis
744 2882 929 2949 racionibus
946 2881 1234 2968 utriusquepartis
1250 2903 1321 2968 pre·

196 2989 284 3058 dicto
300 2991 339 3057 Α.
355 2991 587 3076 probacionem
603 2989 799 3076 indiximus,
826 2996 998 3057 ulterram
1014 2989 1152 3056 eandem
1169 2988 1321 3075 probaret

198 3117 291 3165 suam
307 3117 382 3167 esse
397 3095 641 3167 hereditariam.
658 3097 722 3177 Qui
738 3097 772 3163 in
788 3096 925 3165 termino
940 3115 999 3184 per
1014 3117 1074 3163 nos
1091 3097 1261 3180 assignato
1276 3104 1321 3164 te·

197 3204 302 3273 stibus
317 3204 455 3293 ydoneis
473 3212 506 3272 et
520 3203 585 3274 fide
601 3205 711 3289 dignis
730 3203 867 3272 eandem
892 3211 1013 3272 terram
1029 3203 1075 3270 ad
1090 3221 1128 3270 se
1142 3203 1213 3269 iure
1229 3201 1323 3271 here-

69 3297 72 3311 '
200 3313 320 3380 ditario
339 3314 504 3398 pertinere
524 3311 684 3399 probavit.
716 3313 807 3378 Dicti
821 3332 900 3379 rero
917 3309 1086 3378 rdvornici
1102 3315 1135 3375 et
1150 3309 1265 3378 Oomm
1281 3329 1322 3376 ac

194 3420 391 3506 jobagioues
406 3418 594 3487 eorumdem
609 3419 644 3484 in
658 3417 832 3504 presencia
846 3421 959 3482 nostra
984 3415 1157 3500 dixerunt,
1182 3417 1267 3499 quod
1293 3421 1322 3488 si

199 3547 258 3596 sex
274 3529 422 3596 homines
439 3548 480 3595 ex
495 3527 633 3595 testibus
651 3522 850 3610 supradictis
866 3528 1054 3608 prestarent
1073 3533 1322 3611 sacramentum,

196 3635 260 3722 ipsi
277 3655 299 3702 a
315 3653 375 3702 sua
389 3633 526 3704 accione
540 3639 728 3718 cessarent,
753 3631 891 3699 eandem
904 3637 1023 3700 terram
1039 3629 1146 3700 eidem
1159 3634 1198 3700 A.
1214 3635 1323 3719 quiete
1408 3701 1413 3712 ,

197 3753 230 3811 et
244 3741 381 3830 pacifice
395 3739 631 3830 possidendam
647 3737 879 3826 relinquentes.
903 3738 972 3806 Nos
996 3758 1074 3808 uero
1099 3741 1132 3808 io
1158 3741 1324 3812 eleccione

196 3856 343 3941 ipsorum
358 3851 546 3939 posuimus,
574 3867 656 3934 quos
682 3869 722 3918 ox
748 3849 886 3917 testibus
902 3847 1099 3934 supradictis
1114 3850 1236 3919 vellent
1251 3873 1323 3938 pre·

164 4027 169 4035 .
197 3966 288 4030 stare
312 3963 561 4026 sacramentum.
591 3956 661 4042 Ipsi
688 3975 766 4025 vero
793 3957 964 4042 elegerunt
981 3955 1172 4024 Marcellum
1187 3955 1323 4028 fratrem

197 4065 335 4154 predicti
351 4066 545 4151 Laurencij,
562 4063 634 4134 ehu
650 4064 809 4134 Gemitern
818 4115 828 4151 ,
854 4063 1049 4133 llichaolem
1063 4063 1167 4132 lilium
1183 4067 1324 4134 Ohomos

197 4174 361 4242 Abhatam
378 4173 492 4241 Sancti
509 4171 681 4259 (lethardi,
699 4173 897 4242 Forkasiam
913 4171 954 4242 de
970 4173 1051 4241 villa
1060 4173 1182 4258 Simon,
1193 4175 1323 4241 Petrum

197 4284 239 4350 de
254 4281 336 4350 villa
350 4282 476 4368 Jonad;
504 4281 622 4368 quihus
638 4301 697 4352 nos
713 4283 888 4350 terminum
907 4279 1095 4369 prehximus
1105 4331 1116 4366 ,
1141 4280 1175 4346 in
1198 4297 1263 4363 quo
1290 4281 1324 4348 ln

198 4391 351 4460 Ecclesia
366 4393 479 4460 Sancti
494 4389 664 4461 Michaelis
681 4394 723 4460 de
738 4393 859 4461 Ferrea
880 4391 996 4460 Castro
1010 4394 1196 4475 prestarent
1212 4407 1322 4459 saera-

196 4510 348 4587 mentum,
365 4508 401 4570 ut
416 4503 520 4571 eciam
536 4502 754 4588 prestiterunt,
765 4501 850 4569 sicut
864 4520 923 4587 por
939 4499 1053 4567 literas
1064 4493 1206 4582 Capituli
1217 4498 1317 4566 Sanc·

88 4677 93 4686 .
197 4613 223 4680 ti
249 4613 419 4685 Michaelis
445 4611 488 4679 de
513 4609 628 4682 Castro
649 4609 787 4690 Ferreo,
814 4614 846 4678 et
870 4629 928 4698 por
952 4601 1147 4696 pristaldum
1172 4612 1318 4676 nostrum
