3154 5038
214 948 274 1016 IV.
290 944 374 1012 Bata
388 945 494 1032 tetrotp
509 967 531 1010 o
545 945 687 1012 Sternere
712 945 880 1029 neneetaep
905 943 1012 1030 tapjoi
1024 942 1109 1006 tono
1123 940 1333 1014 birtolereads·
1365 899 1370 906 ι

518 1052 617 1120 aeerlll
632 1063 696 1118 tesz
712 1052 920 1139 biaoopsctpot.
938 1050 1036 1114 1247.

316 1234 386 1301 Nos
403 1228 517 1319 B(ela)
541 1231 605 1298 Dei
631 1231 745 1316 groela
760 1232 830 1299 ltox
845 1227 1015 1316 Hungarie
1031 1227 1254 1315 siguifioamus
1268 1249 1334 1300 om·

211 1339 308 1408 nibus
323 1339 530 1426 presenoinm
555 1337 808 1424 inspeotoribus,
826 1338 914 1421 quod
929 1337 1096 1426 eonstitpti
1111 1357 1223 1406 eoram
1238 1339 1334 1408 nobis

212 1447 328 1516 fideles
343 1448 446 1514 nostri
471 1448 513 1515 de
529 1466 649 1534 genere
666 1448 832 1522 Seemura.
859 1445 1012 1514 videlieet
1038 1447 1193 1532 magister
1219 1449 1335 1516 Petrus

212 1556 298 1624 filius
314 1557 411 1639 Vnga
427 1575 486 1642 pro
503 1573 540 1625 se
556 1562 589 1623 et
603 1575 663 1644 pro
679 1557 779 1622 fratre
796 1576 854 1623 suo
870 1553 1023 1638 Martino,
1041 1563 1074 1624 et
1088 1577 1147 1642 pro
1164 1557 1254 1625 Sena
1269 1557 1337 1624 filio

206 1647 351 1749 'Thome,
370 1685 410 1733 uo
425 1687 483 1754 pro
499 1667 624 1732 Ivanea
640 1663 706 1730 filio
723 1663 862 1748 lvanoe5
889 1663 966 1730 item
977 1661 1122 1731 Thomas
1137 1663 1225 1732 filins
1241 1666 1336 1732 Inno-

213 1774 332 1859 oeneij3
356 1774 432 1840 item
443 1772 556 1840 Godus
566 1772 652 1840 filius
668 1772 770 1856 Sena5
794 1772 871 1843 item
888 1771 1079 1839 Alexander
1094 1779 1127 1838 et
1143 1771 1337 1839 Leustaoius

215 1899 273 1966 pro
289 1903 325 1950 se
342 1900 382 1949 ao
397 1902 455 1968 pro
471 1883 570 1950 Saulo
586 1863 666 1948 lilio
678 1882 821 1965 Thome,
853 1888 949 1967 prout
962 1886 1037 1948 sunt
1048 1880 1213 1964 confessi,
1237 1899 1337 1964 quan·

212 1986 288 2056 dam
304 1995 424 2056 terram
440 2006 550 2057 eorum
567 1990 687 2072 Stugar
704 1990 834 2056 nomine
849 1989 883 2054 in
905 1987 1068 2056 comitatu
1093 1987 1339 2073 Nougradiensi

211 2096 425 2183 existentem,
455 2117 554 2180 quam
571 2119 592 2164 a
607 2098 713 2183 Regia
738 2097 915 2164 Maiestate
940 2097 972 2162 in
1000 2096 1226 2166 concambium
1251 2102 1361 2165 terre·

211 2204 411 2290 Lnobunoh,
444 2225 505 2290 que
522 2205 589 2274 alio
614 2208 744 2274 nomine
769 2207 915 2292 Tamosy
932 2209 1087 2284 sonatur,
1113 2203 1322 2272 obtinuerant

212 2311 408 2396 quibusdam
424 2315 510 2381 inter
524 2333 570 2400 se,
597 2314 723 2382 soilieet
738 2312 927 2381 Alexandro
944 2319 977 2379 et
1000 2314 1175 2381 Leustaoio
1199 2313 1338 2400 prelatis

211 2441 270 2505 pro
280 2421 416 2506 triginta
426 2423 544 2490 mareis
555 2428 659 2491 etrna
668 2421 867 2508 vendidisse,
875 2421 1337 2510 exeepteporoionePoznani,

212 2531 267 2612 qui
281 2529 492 2598 medietatem
507 2528 621 2616 quinte
638 2533 741 2617 partis
752 2551 793 2598 ex
804 2552 845 2598 ea
855 2529 1096 2615 debathabere,
1113 2529 1198 2598 siout
1215 2529 1337 2598 eisdem

215 2639 422 2724 presentibus
465 2639 560 2706 nobis
590 2640 748 2722 innotuit,
781 2646 815 2706 et
845 2639 966 2706 dietam
1004 2659 1163 2706 summam
1201 2637 1339 2725 peounie

214 2748 384 2834 protestati
410 2753 484 2814 sunt
499 2765 535 2814 se
551 2749 649 2833 plene
675 2746 866 2833 recepisse,
893 2747 1118 2834 supplicantes
1134 2745 1239 2832 nobis,
1253 2752 1289 2814 vt
1304 2745 1338 2813 in

215 2854 309 2922 huius
324 2855 404 2922 saoti
435 2853 623 2924 memoriam
654 2857 784 2923 litteras
808 2861 939 2924 nostras
965 2855 1044 2922 dare
1060 2855 1278 2940 dignaremur.
1296 2855 1339 2922 st

215 2964 293 3047 quia
308 2963 428 3048 petieio
444 2983 554 3031 eorum
571 2965 658 3032 iusta
674 2984 714 3030 ae
730 2963 831 3048 digna
847 2983 922 3033 esse
938 2961 1118 3048 ridebatur,
1135 2983 1196 3032 nos
1213 2962 1337 3030 eisdem

214 3089 407 3139 eonsensum
422 3073 597 3159 prebentes
608 3080 641 3140 et
657 3074 813 3160 lenonem,
831 3075 955 3140 saetam
972 3074 1057 3140 inter
1073 3070 1206 3140 eosdem
1223 3070 1338 3140 vendi-

216 3181 340 3248 oionem
356 3181 388 3246 in
415 3181 606 3250 memoriam
628 3183 676 3250 rei
692 3182 925 3267 sempiternam
950 3177 1159 3266 presentibus
1186 3179 1336 3247 duximus

216 3285 482 3357 confirmandam.
500 3289 621 3357 Datum
636 3291 670 3356 in
687 3291 801 3358 Zolum
817 3310 903 3357 anno
919 3287 1032 3373 greoie
1049 3286 1250 3356 M⁰uc⁰xu⁰
1265 3275 1338 3370 sep·

219 3395 313 3480 timo,
329 3396 431 3465 tereio
447 3383 552 3465 nonas
570 3399 720 3484 Augusti.

215 3589 273 3663 (Aa
285 3593 460 3667 esutergami
472 3591 668 3666 ktptelaunalr
682 3609 854 3665 ugyeneaen
864 3597 957 3667 ligyre
968 3591 1132 3650 vonatkonb
1145 3585 1338 3665 okminyebol
1434 3553 1437 3560 Δ

493 3685 571 3758 mely
584 3683 669 3742 alebb
683 3683 743 3740 127.
757 3700 798 3738 sa.
813 3701 838 3739 a.
854 3684 1052 3756 kbvetlrenilr.)

649 3955 895 3979 ——J-u—-n-——n-

273 4707 377 4759 ttonutl.
392 4711 473 4759 liutto.
487 4711 553 4758 mot.
563 4711 668 4758 -btl’u
684 4713 705 4754 l.
