3154 5030
794 285 953 388 Q

310 487 433 554 luntate
448 479 575 551 Decani
589 479 880 568 Newinbnrgeosis
896 485 999 552 nostri
1025 485 1204 554 eoniudicis
1219 486 1370 555 absentis
1384 489 1435 558 in·

310 593 400 660 dices
416 590 561 676 delegati
576 608 599 655 a
614 589 713 659 Curia
728 591 877 660 Romana
892 609 990 678 super
1006 613 1109 662 cansa
1118 643 1127 678 ,
1154 613 1219 678 que
1235 595 1370 662 uertitur
1387 600 1434 665 in-

310 707 361 768 ter
375 697 608 766 monasterium
619 695 738 765 Sancte
750 699 862 768 crucis
879 701 1088 769 Patauiensis
1103 701 1254 771 Dioccsis
1271 711 1304 770 et
1319 706 1436 774 Wern-

309 806 479 876 berum-de
495 804 588 874 Oeen
603 806 786 875 Waeiensir
802 806 955 876 Dioceeis
978 828 1076 896 snper
1091 810 1286 893 quibusdam
1300 833 1436 899 posses

310 917 455 984 sionibus
471 915 504 982 in
520 915 718 998 Pomgarten
743 917 776 983 in
798 899 949 1002 'capituto
965 917 1133 984 Scotorum
1148 919 1180 984 in
1198 919 1335 987 Wienna
1349 920 1433 987 bera

290 1045 292 1049 ·
310 1022 496 1092 dicitercia
511 1020 777 1093 adiudicandum
793 1024 1023 1092 consedimus
1041 1023 1177 1094 Petebat
1191 1025 1302 1111 itaque
1318 1028 1438 1096 Abbas

310 1135 431 1202 Sancte
446 1129 567 1214 (trucis,
585 1128 669 1196 sieut
684 1131 776 1214 prius
791 1132 949 1218 pecierat,
968 1140 1004 1200 ut
1019 1139 1120 1202 testes
1136 1134 1188 1202 sui
1203 1130 1402 1204 audirentur
1414 1157 1436 1202 a

309 1242 414 1311 nobis.
446 1238 643 1304 wernherus
659 1238 744 1304 enim
760 1239 803 1306 de
819 1235 910 1308 Oueu
927 1247 1024 1308 tanto
1035 1249 1351 1329 temporecausam‚
1366 1264 1436 1328 que

310 1349 444 1422 uertitur
459 1347 542 1412 inter
558 1364 615 1412 eos
632 1365 731 1432 super
749 1346 872 1433 prediis
884 1433 887 1438 Ι
898 1350 932 1418 in
957 1349 1152 1436 Pomgarten
1161 1379 1173 1436 ,·
1193 1352 1436 1430 contumaciter

311 1477 349 1525 se
365 1453 569 1524 absentando
585 1459 811 1539 protraxerat,
838 1455 1082 1544 quodpropter
1104 1467 1244 1528 mortem
1261 1465 1295 1526 et
1309 1461 1435 1527 absen—

309 1565 389 1632 tiam
406 1561 588 1630 domnam
613 1569 658 1630 et.
670 1569 900 1651 tempestatem
918 1585 1107 1650 quartarum
1123 1565 1285 1635 deiectum
1299 1569 1436 1636 testium

311 1680 344 1741 et
359 1669 537 1758 periculum
553 1689 611 1737 sue
628 1671 778 1740 Ecclesia
793 1675 930 1742 timebat
945 1676 1122 1760 inminere;
1140 1675 1282 1744 maxime
1297 1695 1371 1768 corn
1390 1695 1434 1744 ex

309 1777 451 1858 seeundo
475 1776 604 1847 decreto
630 1785 707 1866 post
732 1782 860 1866 lapsum
885 1783 963 1849 anni
978 1803 999 1850 a
1015 1784 1109 1852 nobie
1124 1783 1318 1863 constitutus
1334 1784 1435 1852 tuerit

308 1906 405 1959 uerus
421 1904 593 1973 possessor
608 1885 783 1955 eorundem
797 1889 986 1974 prediorum
1002 1897 1034 1958 et
1043 1892 1094 1959 W.
1111 1890 1435 1978 sepiusinirabien·

308 1999 397 2064 nium
421 1996 541 2063 citatus
566 1987 950 2084 semper-contempserit
974 1997 1165 2086 Apostolice
1180 1999 1276 2067 Sedis
1296 2001 1433 2066 manda·

308 2114 388 2190 turn,
405 2109 574 2171 reseruata
590 2103 691 2172 etiam
707 2103 751 2172 eit
765 2123 787 2170 a
802 2105 897 2177 nobis
914 2105 1019 2174 eidem
1034 2106 1086 2174 W.
1103 2127 1201 2193 super
1217 2105 1341 2174 eisdem
1357 2127 1433 2193 pre·

309 2213 375 2282 diis
390 2212 516 2297 questio
526 2212 739 2300 proprietatis
764 2215 867 2297 nsque
883 2214 928 2294 ad
944 2221 1072 2301 tempus
1088 2235 1110 2282 a
1127 2215 1306 2284 senonibus
1321 2213 1434 2282 defini·

309 2319 473 2392 cundem
488 2318 592 2405 igitur
602 2319 672 2387 eius
687 2320 843 2405 peticioni
859 2305 996 2388 deiurio
1011 2319 1170 2393 beneficio
1187 2331 1380 2405 annuentes,
1400 2323 1434 2388 in

308 2432 435 2498 secroto
453 2424 645 2495 audiuimus
655 2471 671 2514 ‚·
688 2429 944 2498 examinauimus
960 2435 1061 2498 testes
1077 2431 1120 2498 ab
1138 2452 1177 2500 eo
1193 2430 1367 2518 productos
1384 2450 1435 2497 re-

309 2542 403 2625 cepto
419 2539 625 2614 sacramento
642 2535 685 2602 ab
701 2536 775 2622 ipso
785 2536 925 2622 Abbate,
951 2537 1037 2621 qued
1047 2538 1118 2606 sine
1138 2537 1214 2609 doio
1225 2539 1435 2608 desideraret

308 2644 376 2715 fleri
392 2627 478 2712 banc
493 2643 626 2710 testium
642 2640 899 2728 productionem.
929 2645 1126 2732 Recepimus
1152 2647 1250 2714 etiam
1270 2647 1434 2714 iuramen-

310 2762 375 2821 tum
392 2751 436 2818 ab
451 2749 534 2835 ipsis
551 2749 697 2836 testibus,
715 2751 770 2834 qai
785 2771 846 2818 neo
861 2753 987 2840 gracia,
1003 2753 1128 2836 fauore,
1145 2751 1223 2822 odic
1237 2753 1291 2820 uel
1307 2755 1434 2840 timere,

310 2861 370 2928 sed
393 2861 473 2946 pure
498 2865 531 2926 et
555 2857 744 2944 sinpliciter
770 2860 949 2928 secuudum
963 2861 1012 2929 rei
1027 2861 1197 2930 ueritatem
1212 2862 1433 2930 testimonium

309 2965 549 3057 perhibuerunt,
570 2971 602 3032 et
617 2967 768 3035 omnibns
778 2968 953 3054 diligenter
967 2989 1026 3056 per
1042 2969 1315 3055 interrogationes
1331 2977 1365 3038 et
1380 2991 1433 3037 re·

310 3075 502 3164 sponsiones
528 3072 781 3143 circumstantiis
805 3075 973 3164 indagatis
998 3079 1228 3147 attestationes
1255 3079 1433 3146 clausimus

308 3189 346 3254 et
358 3175 519 3272 appositis
535 3182 654 3269 sigillis
669 3185 790 3252 ncstds
806 3185 942 3254 fecimus
958 3185 1099 3255 fideliter
1109 3187 1290 3272 obseruari,
1307 3193 1432 3256 uttem-

307 3315 389 3382 pere
405 3313 463 3362 suo
480 3292 689 3379 aperiantur3
703 3301 738 3360 et
753 3293 852 3360 liceat
862 3293 1008 3381 predicte
1018 3295 1069 3364 W.
1080 3296 1218 3364 obicere
1227 3303 1293 3364 tarn
1309 3297 1344 3362 in
1358 3315 1434 3381 per-

307 3423 412 3472 sonas
422 3419 519 3487 quam
536 3401 570 3468 in
585 3397 674 3468 dicta
689 3387 830 3468 testium.
895 3392 898 3401 '
1225 3411 1227 3418 ·

357 3547 359 3552 ·
406 3516 482 3583 'xx.
494 3522 573 3596 (sue
586 3521 675 3594 aaa.)
781 3527 785 3532 ’

415 3619 453 3684 F.
477 3615 688 3685 miseratione
711 3616 834 3686 Diuina
859 3617 971 3685 Abbas
997 3617 1166 3696 Scotorum
1190 3620 1224 3686 in
1242 3617 1384 3688 Wieoua
1401 3623 1437 3686 et

309 3723 368 3792 Ob.
386 3723 575 3816 Propositus
590 3722 859 3809 Neunburgensis
885 3733 918 3793 et
940 3723 1093 3794 Decanus
1110 3725 1259 3794 eiusdem
1274 3727 1340 3796 loci
1355 3724 1435 3794 Pte-

266 3913 273 3926 ·
309 3832 398 3903 bano
412 3831 447 3897 in
463 3827 554 3896 Oneu
571 3829 710 3899 salutem
726 3832 760 3900 in
776 3851 826 3916 eo,
843 3832 900 3918 qui
916 3839 967 3900 est
982 3851 1062 3900 uera
1078 3835 1177 3902 salus.
1194 3833 1361 3918 Delegata
1375 3853 1435 3900 no

309 3941 361 4007 bis
376 3938 681 4012 auctoriteceSedis
697 3939 886 4027 Apostolice
903 3959 1016 4022 causa,
1033 3961 1097 4026 que
1113 3941 1250 4009 uertitur
1265 3943 1351 4009 inter
1365 3939 1435 4006 Ab·

307 4048 418 4130 batem
435 4051 468 4115 et
484 4046 683 4115 Oonuentum
697 4049 819 4116 Sancte
835 4048 948 4118 Orucis
969 4069 1011 4117 ex
1026 4069 1092 4117 una
1107 4057 1202 4136 parte
1218 4055 1251 4116 et
1266 4049 1438 4118 dominum.

308 4153 523 4223 Wernherum
540 4155 581 4222 de
598 4154 691 4222 oven
708 4157 880 4242 exaltem,
899 4157 1129 4244 compartibus
1140 4154 1436 4226 adiudiciumcuc·

309 4265 392 4332 catis
408 4282 445 4354 se
460 4263 611 4331 dominus
627 4263 676 4328 W.
693 4281 753 4347 per
770 4247 1007 4332 contumaciam
1033 4263 1254 4349 absentasset,
1271 4265 1305 4330 in
1321 4269 1435 4331 eontu-

269 4435 273 4442 .
308 4373 414 4441 macie
429 4392 549 4458 penam
566 4355 876 4438 excomunicationis
886 4367 1082 4440 sententiam
1095 4373 1288 4461 protulimus
1304 4371 1337 4438 in
1353 4389 1435 4437 enn-

308 4477 383 4545 dem
392 4525 402 4562 ,
418 4491 517 4564 quam
531 4478 628 4546 nobis
644 4467 838 4548 auctoritate
847 4529 857 4564 ,
883 4498 948 4562 qua
963 4479 1176 4564 fungebamur
1192 4486 1225 4549 et
1240 4479 1346 4550 adbuc
1362 4478 1436 4562 sun·

308 4586 413 4674 gimur
422 4633 432 4670 ,
447 4584 764 4658 demandaueramus
781 4583 958 4658 districtius
975 4587 1222 4673 exequendam,
1247 4587 1340 4656 cuins
1355 4603 1436 4654 exe·
