3140 5044
643 329 801 433 Q

163 526 737 618 proposiclunibusparcium'auditis,
754 513 927 592 sicutordo
940 522 1131 608 postulabat
1143 522 1282 606 judicia-

163 639 242 723 rius,
258 637 405 724 partibus
421 634 673 722 producoionem
690 633 823 700 testium
848 629 1040 713 indiximus,
1067 635 1101 694 ut
1117 649 1206 698 more
1221 637 1286 699 tes-

166 747 246 814 tium
261 747 450 813 idouecrum
459 796 469 829 ,
496 745 635 811 veritate
651 742 698 808 rei
716 746 881 826 comperta
896 738 1005 804 tocius
1021 737 1088 804 litis
1106 737 1284 806 salsitatem

163 855 381 942 potuissemus
408 854 602 938 exstirpare.
631 849 842 920 Postmodum
859 867 931 943 cum
948 847 981 913 in
998 847 1136 914 termino
1151 867 1210 934 per
1225 867 1286 914 nos

164 961 334 1047 assignato
356 968 459 1029 testes
486 981 506 1026 a
533 961 682 1046 partibus
709 959 791 1026 satis
818 955 927 1023 idonei
954 953 1095 1020 luissent
1111 955 1287 1041 producti,

163 1068 371 1156 neutrapars
404 1071 510 1154 ipsam
528 1088 663 1136 causam
681 1069 713 1133 in
724 1067 834 1153 specie
844 1065 1044 1131 sacramenti
1061 1065 1164 1130 voluit
1178 1064 1288 1132 decidi

163 1185 195 1242 et
211 1179 388 1245 terminari.
407 1177 502 1244 Unde
520 1178 661 1264 oportuit
677 1195 736 1242 uos
754 1175 900 1241 iudicare
911 1171 1036 1255 taliter,
1047 1174 1084 1240 ut
1100 1172 1196 1238 ambe
1213 1193 1286 1258 par·

164 1292 213 1351 tes
231 1285 360 1370 pugiles
386 1285 628 1352 inexaminatos
657 1285 801 1352 debeant·
824 1281 1007 1366 producere
1034 1281 1069 1345 in
1089 1287 1201 1346 nostra
1217 1301 1288 1368 prc7

165 1396 295 1482 senciat.¹
313 1395 354 1458 Et
381 1415 451 1460 cum
469 1396 501 1460 in
519 1394 572 1461 die
598 1394 698 1460 duelli
723 1390 872 1476 partibus
899 1391 1080 1474 assignato,
1097 1389 1228 1470 pugiles
1244 1390 1287 1454 ab

164 1509 301 1582 utraque
328 1509 422 1585 parte
448 1502 548 1585 positi
574 1502 761 1568 fuissentin
778 1517 858 1564 area
885 1494 1083 1578 certaminis,
1099 1515 1159 1561 nec
1175 1497 1288 1582 probis

165 1607 243 1672 viris
261 1609 480 1676 mediantibus
499 1629 564 1694 pax
582 1609 692 1692 aliquo
710 1606 806 1674 modo
816 1595 907 1672 ¹iuter
924 1611 1038 1689 partes
1054 1605 1225 1670 reformari
1234 1625 1289 1690 po-

166 1717 299 1797 tuisset,
325 1717 451 1799 pugiles
477 1717 520 1784 ad
546 1717 684 1783 invicem
712 1735 748 1780 se
766 1720 1007 1800 opposuerunt,
1027 1711 1154 1796 judicio
1171 1715 1288 1780 summi

163 1821 285 1905 judicis
302 1841 338 1888 se
355 1823 604 1890 committentes.
631 1823 757 1902 Quibus
774 1821 926 1902 utrinque
952 1818 1209 1903 decertantibus,
1236 1839 1292 1907 pu·

166 1927 213 2010 gil
230 1928 374 1994 Etburub
392 1939 425 1997 et
440 1950 571 1997 suornm
589 1938 810 2013 cognatorum,
825 1927 1039 2012 jobagiouum
1051 1928 1161 2012 castri,
1172 1927 1205 1992 in
1216 1928 1292 2013 ipsa

166 2055 245 2100 area
260 2039 436 2122 pugnando
468 2027 661 2125 prevaluit,
675 2037 785 2122 pugile
813 2037 1008 2120 populorum
1025 2035 1123 2101 castri
1141 2038 1292 2122 supradi-

37 2169 39 2178 1
167 2150 289 2211 ctorum
301 2147 431 2230 penitus
443 2147 615 2214 deficiente
640 2155 673 2212 et
683 2144 926 2212 succumbente.
936 2142 1004 2210 Nos
1017 2143 1126 2228 igitur,
1138 2143 1223 2212 sicut
1238 2145 1291 2213 de-

167 2253 264 2320 cebat
275 2253 440 2338 judicem,
474 2255 634 2321 mittendo
650 2253 1013 2338 prestaldum‘uostrum
1032 2252 1139 2318 Babul
1155 2252 1196 2318 de
1213 2253 1293 2322 villa

166 2359 290 2427 Becbul
307 2381 371 2427 uua
397 2383 467 2429 cum
497 2363 627 2431 bomine
654 2360 797 2446 Capituli
819 2359 1033 2442 Posonieusis
1052 2360 1224 2447 Oracbyno
1241 2383 1292 2433 sa·

166 2469 296 2537 cerdote
312 2472 426 2538 Sancti
437 2473 522 2538 Petri
538 2470 580 2537 de
597 2465 715 2553 Galla,
733 2475 767 2536 et
785 2469 913 2536 duobus
925 2468 1163 2552 jobagionibus
1180 2472 1291 2556 castri,

167 2577 317 2663 Bereyno
334 2581 459 2646 maiore
474 2599 662 2666 preconem,
681 2587 713 2644 et
730 2577 831 2644 Bolcb
848 2576 915 2642 lilio
931 2577 1069 2643 Matthie
1095 2577 1137 2644 de
1147 2577 1209 2646 Sur
1222 2600 1295 2665 pro-

169 2685 321 2771 cepimus,
338 2695 372 2754 ut
388 2694 475 2754 terra
492 2689 644 2772 superius
661 2704 829 2771 expressa,
846 2690 880 2770 ot
895 2685 997 2751 tercia
1023 2705 1100 2770 pars
1127 2693 1294 2770 pratorum

170 2801 203 2859 et
220 2815 378 2878 aquarum
397 2797 556 2881 similiter,
579 2795 697 2878 quibus
714 2793 807 2859 acciu
826 2785 1014 2872 vertebatur
1031 2798 1081 2857 est
1098 2790 1184 2878 (tgyi
1201 2796 1280 2860 certi

170 2903 265 2968 metis
282 2905 314 2968 in
326 2905 385 2986 jus
402 2904 575 2969 Eturubet
591 2921 721 2968 suorum
738 2906 949 2984 cognatorum
966 2905 1151 2966 statuantur
1177 2921 1293 2988 perpe·

170 3018 269 3077 tuum.
286 3011 349 3088 Qui
365 3011 409 3077 ad
426 3030 485 3076 nos
507 3010 682 3077 redeuntes
709 2997 890 3078 retulerunt
906 3009 938 3073 in
957 3008 1129 3093 presencia
1154 3010 1296 3076 omnium

168 3117 382 3202 jobagionunr
394 3119 510 3203 castri,
536 3139 576 3185 ac
587 3117 746 3200 aliorum,
774 3123 808 3182 ut
824 3116 933 3184 omnia
950 3123 1045 3200 prata
1061 3116 1127 3202 illa,
1145 3124 1178 3183 et
1194 3136 1297 3200 aquas

172 3244 244 3289 cum
260 3224 411 3292 tuniculis
422 3225 643 3294 mensurando
652 3223 815 3310 juridicis,
837 3221 952 3288 intres
968 3229 1081 3307 partes
1099 3223 1298 3307 divisissent,

172 3351 308 3414 quarum
325 3331 408 3399 duas
424 3333 579 3400 dixerunt
594 3333 768 3414 reliquisse
795 3331 1019 3396 castrensibus
1036 3329 1234 3416 sepedictis,
1261 3331 1299 3396 li·

174 3439 253 3505 bera
269 3446 300 3505 et
316 3441 503 3516 voluntaria
521 3461 631 3508 eorum
648 3439 863 3506 castrensium
881 3438 1059 3522 eleccione,
1077 3439 1210 3506 terciam
1221 3459 1300 3507 vero

173 3552 300 3629 partem
316 3547 437 3632 pariter
453 3565 526 3613 cum
544 3555 633 3629 terra
644 3547 739 3612 unius
756 3552 859 3612 aratri
869 3593 877 3627 ,
904 3547 990 3611 sicut
1002 3546 1153 3630 superius
1169 3565 1300 3633 expres·
1343 3581 1346 3588 ·

175 3672 244 3720 sum
261 3661 322 3739 est,
339 3655 596 3738 assignaverunt
620 3655 653 3719 in
671 3659 864 3739 perpetuum
885 3651 1010 3741 Eturub
1027 3661 1060 3718 et
1076 3673 1208 3722 suorum
1225 3675 1299 3742 cog-

175 3767 323 3826 natorum
334 3759 407 3828 istis
424 3763 520 3828 metis
533 3761 773 3846 distinguendo.
784 3760 927 3838 Quarum
944 3762 1050 3844 prima
1061 3761 1177 3845 incipit
1192 3757 1302 3832 adua·

177 3867 235 3932 bus
261 3867 355 3935 metis
383 3870 527 3951 antiquis
555 3869 645 3935 iuxta
663 3869 761 3954 viam,
788 3885 850 3951 que
867 3869 957 3934 ducit
974 3869 1019 3933 ad
1040 3868 1151 3936 villam
1169 3869 1302 3938 Karcbe

177 3975 309 4043 Abrabe
324 3975 381 4043 filii
396 3976 499 4044 Delus
515 3977 650 4044 Comitis
672 3984 756 4043 torre
772 3977 861 4045 Sauli
880 3977 1119 4060 contiguatam,
1146 3997 1167 4043 a
1193 3986 1306 4064 partes

177 4083 351 4167 aquilonis,
384 4104 405 4150 a
421 4093 515 4169 parte
531 4106 608 4152 vero
619 4085 806 4152 meridionis'
817 4069 986 4152 vicinaest
996 4091 1081 4152 terre
1091 4087 1305 4155 castrensium

176 4192 218 4256 de
229 4191 384 4277 Komba,
409 4192 483 4260 indo
502 4180 613 4260 tendit
622 4213 737 4260 versus
753 4193 920 4276 orientem,
938 4201 971 4260 et
987 4193 1032 4260 ibi
1049 4199 1125 4260 suut
1141 4193 1203 4259 due
1220 4199 1305 4261 mete

178 4305 303 4386 terroe,
330 4301 405 4369 inde
422 4303 527 4369 tendit
545 4323 662 4372 versus
680 4305 836 4371 orientem
851 4303 895 4370 ad
906 4299 1158 4386 quatuormetas
1173 4306 1307 4385 terreas,

179 4425 241 4491 que
272 4415 347 4476 sunt
370 4410 463 4477 iuxta
494 4415 616 4478 terram
640 4411 752 4494 Sauli;
776 4409 851 4477 binc
889 4409 1038 4478 ascendit
1064 4409 1108 4476 cd
1134 4407 1307 4491 quemdam

179 4515 330 4600 dublum,
346 4517 403 4601 qni
412 4525 463 4586 est
479 4518 512 4584 in
528 4525 617 4588 terra
632 4519 740 4602 Sauli,
767 4517 821 4585 ubi
839 4525 914 4586 sunt
924 4521 1064 4602 quatuor
1081 4521 1166 4584 mete
1182 4521 1309 4597 terree;

178 4629 271 4694 iuxta
290 4624 428 4692 eundem
444 4627 583 4694 rivulum
599 4628 690 4695 vadit
706 4626 751 4695 ad
767 4626 863 4696 linem
880 4623 1027 4690 eiusdem
1039 4621 1146 4703 rivuli,
1159 4619 1225 4760 :rbi
1236 4637 1309 4684 con·

1117 4726 1160 4794 16
