3154 5030
803 705 860 770 ar.

267 890 290 954 1
293 887 327 954 V.
343 885 425 952 Belo
439 885 548 972 lcirctlp
563 883 700 969 Kastelb,
715 883 784 952 sak
793 883 912 950 delebo
926 883 1300 972 bolysdpslcrsooactloozd
1312 886 1387 952 odo

509 995 626 1079 mdoyc
634 1014 656 1056 o
670 995 768 1058 aba&
783 992 863 1057 rand
877 995 1035 1058 somna
1052 992 1152 1058 1244.

373 1173 456 1240 Bela
472 1171 535 1238 Dei
550 1171 664 1254 gracia
684 1169 846 1256 Vngarie,
871 1169 1064 1254 Dalmacie,
1091 1168 1248 1255 Oroacie,
1273 1171 1387 1256 Rama,
1469 1194 1475 1202 ·

266 1281 391 1367 Servio,
408 1278 559 1364 Gallicis,
580 1277 773 1348 Lodomerie
785 1278 1258 1364 Comanicqnechvniusrsis
1268 1276 1388 1346 Christi

265 1387 417 1457 fidelibus
442 1391 628 1470 presentem
646 1387 802 1471 paginam
817 1385 1014 1471 inspecturis
1030 1387 1172 1454 salutem
1187 1386 1223 1454 in
1237 1387 1386 1454 Domino.

263 1484 471 1583 'Quamquam
487 1494 620 1576 Regalis
636 1493 828 1561 Sublimitas
844 1492 993 1578 omnibus
1008 1511 1045 1560 sc
1060 1491 1299 1577 requirentibus
1315 1511 1387 1580 pro·

266 1603 403 1672 visionis
419 1621 555 1669 munera
585 1601 766 1669 liberaliter
782 1602 903 1674 debeat
919 1603 1070 1688 elargiri,
1094 1603 1197 1671 multo
1214 1601 1320 1688 magis
1335 1600 1388 1670 bis

265 1717 403 1796 teneto,
414 1710 469 1794 qui
485 1707 607 1776 mundo
624 1711 742 1776 mortui
757 1711 868 1777 vivunt
884 1711 967 1796 Deo,
983 1717 1020 1778 vt
1035 1709 1124 1794 quod
1139 1709 1252 1776 tribuit
1266 1709 1387 1796 inpro-

264 1820 370 1904 senti,
397 1838 468 1886 cunr
484 1815 822 1900 multiplicatoirnctu
838 1817 1031 1904 recolligere
1046 1818 1169 1885 debeat
1184 1816 1218 1883 in
1236 1815 1387 1883 futurum.

261 1927 335 1994 Hac
350 1923 449 2010 igitur
477 1924 746 1993 consideracione
771 1925 895 1994 inducti
910 1927 1059 1994 omnibus
1074 1933 1143 1992 tam
1158 1924 1389 2011 prementibus

264 2053 364 2118 quam
388 2033 507 2100 futuris
533 2039 646 2100 tenore
673 2034 879 2119 presencium
903 2035 1052 2102 volumus
1074 2033 1145 2102 fieri
1169 2031 1387 2120 manifestum,

265 2139 351 2224 quod
366 2157 429 2206 nos
453 2147 560 2207 terras
586 2139 746 2210 Kerteieu
762 2150 795 2208 et
811 2142 882 2210 Suis
898 2145 941 2212 ad
957 2143 1108 2212 Castrum
1123 2143 1270 2210 nostrum
1286 2139 1386 2206 Nitri-

265 2265 355 2332 cnse,
372 2256 405 2314 et
431 2253 552 2314 terram
568 2249 650 2317 Zela
665 2250 710 2318 ad
736 2250 887 2318 Castrum
917 2250 1196 2337 Zulgageuricnsc
1225 2247 1387 2334 pertiuen-

264 2363 328 2435 tcs,
346 2375 418 2423 cum
442 2355 591 2424 omnibus
622 2359 690 2438 suis
716 2359 916 2444 attinenciis,
931 2360 1049 2445 quibus
1066 2377 1123 2428 eas
1139 2363 1249 2426 carba
1265 2355 1386 2426 babue-

262 2470 337 2534 runt
351 2505 353 2510 .
367 2470 549 2532 memorata
557 2514 567 2550 ‚
592 2465 794 2535 subweisdem
809 2467 906 2534 metis
931 2475 964 2534 et
979 2467 1146 2552 terminis,
1172 2463 1327 2532 iratribus
1344 2465 1386 2532 dc

214 2610 217 2616 ,
263 2571 360 2640 domo
375 2571 580 2640 Theutouica
596 2573 781 2658 Hospitalis
803 2575 924 2642 Sancte
940 2577 1044 2644 Maria
1060 2583 1093 2642 et
1109 2575 1251 2661 ipsorum
1266 2571 1385 2657 domui,

263 2699 347 2764 quos
364 2680 406 2747 ob
422 2679 682 2776 familiaritatem
707 2687 741 2750 et
755 2683 928 2752 servicium
944 2682 1096 2752 devotum
1112 2681 1207 2750 nobis
1220 2687 1252 2746 et
1262 2679 1387 2760 (torono

262 2787 366 2872 Regio
383 2787 609 2874 multipliciter
622 2789 844 2876 impensorum
860 2792 1143 2860 recommendatcs
1162 2783 1337 2860 habuimus
1352 2787 1386 2854 iu

221 2987 223 2992 ι
262 2893 444 2962 visceribus
469 2897 628 2982 caritatis,
644 2899 678 2988 in
694 2905 887 2986 perpetuom
903 2885 1129 2987 elemosynam
1144 2895 1294 2964 duximus
1312 2915 1385 2962 cou-

263 2999 432 3086 iercndas,
458 3003 505 3070 ita
520 3005 609 3087 quod
626 3005 739 3094 populi
766 3005 844 3074 illuc
869 3007 1062 3094 congregati
1087 3025 1147 3074 seu
1163 3002 1387 3091 congregandi

262 3129 304 3178 ea
320 3108 356 3175 in
371 3109 522 3196 omnibns
538 3112 705 3195 gaudeant
735 3113 898 3200 libertate,
915 3135 1013 3198 qnam
1028 3113 1152 3181 habent
1166 3111 1315 3198 hospites
1329 3111 1387 3179 do

261 3237 334 3286 mus
350 3216 477 3306 Templi
495 3225 529 3286 et
543 3219 724 3306 Hospitalis
742 3223 871 3291 ·Sancti
894 3223 1055 3292 lobannis
1070 3207 1113 3288 'in
1135 3221 1248 3304 Regno
1273 3225 1386 3286 nostro

261 3327 450 3414 constituti;
474 3327 613 3412 exprimi
629 3331 789 3413 volentes,
807 3329 895 3414 quod
911 3331 1043 3400 cosdem
1060 3329 1199 3420 qopulos
1214 3327 1322 3396 nullus
1332 3327 1386 3413 ju-

147 3481 148 3484 =
198 3444 203 3453 ’
261 3433 370 3502 dicum
383 3431 495 3521 preter
519 3434 656 3522 Regiam
678 3456 858 3522 personam
873 3438 927 3508 vel
942 3445 1053 3524 preter
1066 3437 1167 3520 illum,
1184 3427 1386 3520 cni'Regalis

260 3543 472 3610 Excellencia
498 3543 683 3630 specialiter
709 3547 925 3632 commiserit,
945 3545 1095 3632 judicare
1110 3549 1293 3630 presumat,
1325 3543 1387 3612 sed

261 3668 374 3716 omnes
390 3669 509 3718 causas
525 3669 637 3720 eorum
653 3652 782 3722 villicus
800 3674 912 3722 eorum
928 3654 1092 3722 discutiat.
1102 3651 1167 3734 Qui
1181 3651 1210 3720 si
1216 3649 1384 3736 justiciam

260 3774 326 3824 non
342 3755 464 3842 fecerit,
482 3757 554 3844 ipse
569 3761 706 3846 villicus,
723 3763 781 3830 vel·
794 3763 909 3850 eciam,
925 3770 1024 3850 prout
1040 3780 1178 3831 necesse
1193 3759 1301 3839 luerit,
1324 3762 1385 3830 ali·

262 3861 318 3949 qui
334 3883 377 3930 ex
392 3865 474 3932 villa
496 3885 555 3951 per
570 3868 762 3953 pristaldnm
789 3868 961 3937 habentem
988 3869 1101 3947 literas
1117 3881 1248 3941 nostras
1263 3893 1386 3944 causas

262 3971 433 4040 citacionis
450 3977 484 4038 ct
509 3973 709 4043 citandorum
734 3979 865 4045 nomina
891 3979 1094 4048 continentes
1120 3981 1181 4050 sub
1196 3984 1385 4054 testimonio

260 4079 388 4166 ydoneo
404 4087 437 4146 et
452 4079 605 4166 legitime,
622 4083 828 4156 adnostrarn
845 4087 983 4155 citentur
998 4091 1213 4175 presenciam.
1230 4093 1384 4163 Ceterum
1481 4114 1483 4118 ·

259 4185 391 4256 tirmiter
405 4187 600 4275 inhibemus,
617 4193 706 4276 quod
720 4193 828 4262 nullus
845 4195 1010 4266 Beronum
1026 4205 1208 4268 nostrornm
1219 4219 1384 4288 superpo

149 4363 153 4370 ,
259 4297 356 4383 pulos
380 4299 424 4368 ad
443 4296 612 4385 predictas
647 4307 750 4390 terras
791 4307 1022 4374 couvenientes
1054 4307 1232 4379 descensus
1262 4311 1384 4382 audeat

146 4503 149 4510 Ι
260 4401 369 4469 iacere
394 4406 575 4492 violentos3
598 4405 658 4474 sed
681 4427 753 4476 curn
778 4411 866 4498 ipsos
891 4411 969 4482 illuc
1005 4414 1165 4484 divertere
1191 4417 1383 4504 contigerit,

255 4509 345 4596 justo
368 4511 450 4598 ipsis
481 4515 588 4600 pretio
605 4518 715 4585 omnia
745 4529 979 4604 comparentur.
1004 4523 1055 4590 Ad
1076 4523 1138 4594 bec'
1162 4530 1382 4614 concessimus
