3220 5058
199 985 259 1052 IV.
276 985 362 1054 Bora
386 981 494 1070 kectp
517 981 693 1069 maperiirttc'
717 982 989 1069 apostostolus
1013 988 1148 1072 aparccp
1174 987 1319 1052 scurnum

130 1145 142 1166 .
197 1094 300 1160 Dono
309 1089 474 1160 cometae
483 1090 856 1156 1237-tiatakcatattst
866 1090 1006 1156 birtokra
1015 1093 1186 1160 ccccmo
1192 1089 1314 1160 salute.

709 1199 807 1263 1237.

305 1379 387 1446 Bela
402 1375 467 1443 De'i
482 1377 597 1462 gracia
611 1377 682 1446 Rex
699 1376 842 1460 Vngarie
868 1375 1030 1444 uniuersis
1054 1383 1240 1461 presentem
1264 1399 1321 1465 pa·
1437 1461 1441 1466 Ι

196 1491 307 1574 ginam
323 1471 521 1573 inspecturis
537 1487 677 1554 salntem
693 1486 726 1552 in
744 1505 820 1554 uero
838 1487 983 1554 salutari.
994 1485 1081 1566 Quia
1095 1507 1146 1572 ca,
1159 1505 1222 1570 qne
1238 1487 1324 1554 iuste

197 1605 230 1665 et
244 1596 393 1682 legitimo
412 1595 526 1662 ordine
542 1591 713 1660 iudiciario
736 1592 878 1660 diffinita
895 1598 1080 1677 noscuntur,
1100 1601 1255 1680 perpetue
1272 1591 1322 1660 tir-

196 1703 319 1771 mitatis
335 1703 435 1770 robur
451 1699 571 1770 debent
580 1701 729 1769 obtinere
735 1724 744 1786 5
756 1701 960 1770 sentenciam
976 1720 1072 1785 quam
1087 1723 1146 1788 per
1163 1701 1321 1770 dilectum

197 1818 228 1880 et
237 1810 367 1878 fidelem
376 1814 523 1877 nostrum
532 1807 718 1876 Dionisium
729 1808 887 1886 Comitem
898 1809 1084 1876 Palatinum
1095 1808 1127 1874 in
1140 1827 1250 1892 causa,
1261 1829 1323 1894 que

195 1920 383 1986 uertebatur
398 1917 483 1984 inter
497 1916 659 1983 Abbatem
675 1916 788 1984 Sancti
803 1915 936 1984 Martini
952 1917 994 1983 de
1004 1916 1105 1984 Sacro
1116 1919 1226 1984 Monte
1236 1919 1321 1984 Pan·

194 2028 290 2096 nonio
309 2047 351 2093 ex
367 2046 433 2094 una
448 2030 542 2111 parte
558 2025 764 2092 ctAbbatem
781 2024 896 2092 Sancti
912 2025 1068 2108 Demetrij
1086 2026 1128 2091 de
1143 2023 1264 2093 Sirmia
1279 2042 1320 2090 ex

196 2136 303 2204 altera
327 2130 672 2219 suarum‘jtestimonio
699 2133 866 2199 literarum
882 2133 984 2198 latam
1000 2149 1075 2199 esse
1090 2130 1322 2218 perpendimus

193 2243 339 2328 presenti
354 2240 478 2330 pagina
494 2241 631 2310 fecimus
648 2241 799 2307 annotari
816 2240 957 2308 subhac
972 2239 1097 2308 forma:

298 2421 369 2489 Nos
384 2419 425 2486 D.
443 2419 507 2486 Dei
524 2420 637 2506 gracia
653 2421 821 2488 Palatinus
840 2421 903 2510 stb.

238 2600 244 2613 .
354 2559 463 2632 (Diues
475 2558 566 2616 nidor
581 2560 695 2617 issent
710 2558 810 2618 itslete
822 2560 895 2616 mint
907 2556 993 2616 altos
1006 2559 1050 2616 st.
1064 2575 1103 2614 sn.
1117 2559 1156 2632 a)

300 2723 367 2794 Nos
393 2725 505 2808 itaque
535 2744 726 2812 processum
750 2743 791 2789 ac
817 2722 1017 2791 sentenciam
1047 2722 1189 2790 Palatini
1209 2743 1320 2809 supra

193 2831 366 2917 scriptam,
393 2833 477 2898 sicut
501 2831 647 2915 legitime
673 2837 723 2898 est
740 2831 820 2915 lata,
838 2837 942 2896 ratam
960 2827 1121 2897 habentes
1137 2837 1170 2897 et
1184 2827 1319 2914 firmam,

192 2939 400 3028 presentibus
417 2959 490 3006 eam
507 2940 627 3009 litteris
643 2939 676 3007 in
692 2946 885 3027 perpetuam
901 2937 950 3003 rei
966 2933 1151 3004 firmitatem
1167 2935 1317 3004 duximus

191 3045 447 3116 confirmandam
463 3067 504 3114 ac
521 3048 661 3133 duplicis
677 3047 778 3132 sigilli
794 3045 898 3112 nostri
914 3044 1090 3112 munimine
1114 3044 1318 3130 perhempni-

192 3164 243 3224 ter
258 3155 487 3224 roborandam.
504 3155 627 3222 Datum
639 3155 672 3224 in
682 3155 753 3238 Sag
768 3173 854 3228 anno
869 3155 981 3240 gracie
1002 3149 1319 3222 M⁰OO⁰XXX⁰VH⁰

189 3263 332 3331 secundo
348 3282 391 3330 no
400 3280 462 3331 nus
476 3262 677 3349 Decembris,
694 3263 802 3349 Regni
817 3265 926 3330 autom
941 3262 1044 3330 nostri
1060 3280 1145 3327 anno
1161 3259 1272 3327 tercio.

333 3435 477 3510 praeeo
497 3457 516 3497 a
534 3437 747 3498 marmoren
765 3432 921 3511 reomao
939 3430 1164 3508 teretissant
1261 3417 1266 3424 ’
