3154 5030
671 339 828 444 ..ru-

182 534 285 625 siores
302 545 335 605 et
351 537 512 625 gratiores
534 536 594 604 tibi
617 539 813 622 existerent,
838 537 891 604 vel
920 537 1049 620 aliquos
1084 535 1305 604 Ecclesiamm

183 643 334 714 Prolatos
350 647 394 713 ad
408 653 441 713 te
456 646 511 712 vel
527 651 677 730 potentes
703 645 788 714 alios
804 644 1015 713 misissemus.
1032 645 1114 713 Cum
1130 645 1241 728 itaquo
1255 663 1306 710 su·

183 769 242 840 per
256 753 413 838 predictis
439 760 472 819 ct
487 752 679 837 specialiter
693 752 734 821 de
751 753 833 838 biis,
860 772 924 836 qne
940 753 984 820 ad
1004 773 1121 840 pacem
1135 751 1308 839 pertinent,

183 867 357 928 tractatum
379 861 504 928 habeas
521 861 730 946 fructuosum,
748 861 926 948 providens
942 862 1067 929 eisdem
1097 861 1131 928 in
1157 857 1263 926 eundo
1275 865 1308 924 et

184 966 352 1036 redeundo
368 967 409 1036 de
435 987 548 1037 securo
574 969 735 1036 conductu
752 975 785 1036 et
800 971 878 1038 aliis
893 970 1104 1054 necessariis,
1121 967 1209 1035 ulad
1226 965 1307 1034 'Par-

184 1081 273 1142 taros
289 1085 321 1144 et
337 1079 423 1146 alias
440 1085 555 1162 gentes
573 1077 743 1144 ulteriores
760 1083 830 1143 tute
846 1080 982 1145 valeant
997 1075 1168 1163 proficisci.
1187 1075 1308 1141 Datum

183 1184 335 1270 Lugduni
350 1188 425 1255 XII.
443 1185 510 1253 kal.
528 1185 651 1270 Aprilis
668 1183 895 1271 (Pontificatus
906 1185 1023 1272 nostri)
1051 1204 1137 1251 anno
1153 1185 1308 1250 secundo.
1421 1177 1423 1181 ’

187 1357 251 1432 (IV.
264 1313 348 1415 lucae
357 1359 435 1433 pdpa
446 1361 635 1432 Rogestdibdl
645 1361 770 1418 Tbeiner
780 1362 864 1418 idm.
876 1363 899 1417 1.
912 1361 940 1416 lr.
954 1362 1015 1418 196.
1025 1361 1045 1416 l.
1058 1358 1142 1431 chdr
1152 1357 1221 1416 cod.
1231 1355 1310 1430 Dipl.

293 1447 343 1506 IV.
352 1451 383 1505 k.
396 1453 420 1507 1.
435 1451 534 1509 rest.
548 1452 567 1508 l.
579 1468 649 1508 ezcn
662 1449 844 1524 olsmduynak
857 1451 926 1508 ceals
944 1448 1095 1509 tdredeke't
1106 1446 1205 1519 itali.)

719 2002 796 2068 110.

194 2199 254 2267 IV.
271 2200 362 2263 Incze
373 2201 465 2285 pdpu
475 2221 495 2261 a
511 2199 769 2284 mapycrorsadpi
776 2197 961 2286 fdptrpolrut
973 2197 1139 2265 straturae
1148 2201 1221 2284 inti,
1237 2201 1317 2288 lropy

248 2329 270 2370 u
285 2316 368 2372 ssent
382 2305 563 2371 Domonkos
577 2305 679 2371 rendli
695 2306 861 2371 bardtokrd
874 2329 911 2373 ne
926 2307 1150 2394 bddorqassdlr.
1168 2309 1265 2373 1245.

282 2485 492 2552 Innocentius
505 2485 689 2571 Episcopus
701 2493 760 2551 ete.
772 2485 1016 2553 venerabilibus
1033 2485 1188 2576 iratribus
1204 2485 1318 2552 Archi-

192 2593 400 2680 episcopis,et
409 2593 583 2678 Episcopis
593 2613 633 2660 ao
643 2591 770 2658 dilectis
780 2592 856 2658 liliis
866 2593 1060 2678 Abbatibus,
1069 2593 1317 2677 Prioribus,De·

194 2699 1316 2787 oanis,Archidiaconis,Archipresbiteris,PrepesitisetaliisEccle·

193 2810 314 2878 siarum
324 2808 466 2876 Prelatis
476 2829 534 2896 per
544 2809 693 2892 Regnum
707 2805 861 2894 Ungarie,
873 2808 997 2883 Seruis,
1007 2809 1136 2892 (inlitis,
1149 2809 1315 2891 Slavonie,

193 2917 327 2986 Ornatie
343 2925 376 2985 et
400 2917 567 2984 Dalmatis
592 2915 803 2998 constitutis,
833 2916 974 2982 salutem
991 2923 1052 2982 etc.
1070 2915 1175 2982 Nimis
1206 2917 1318 2999 iniqua

194 3026 422 3096 vicissitudine
437 3025 583 3110 largitori
600 3026 756 3092 honorum
774 3025 916 3091 omnium
927 3023 1151 3110 respondetur,
1167 3023 1242 3089 dum
1259 3021 1316 3107 hii,

198 3135 255 3218 qui
270 3136 312 3203 dc
329 3134 449 3202 Christi
467 3133 661 3220 patrimonio
677 3133 871 3219 impinguati
886 3133 1053 3201 luxuriant
1063 3131 1317 3218 dampnabiliter

194 3243 228 3310 in
261 3243 393 3326 ecdem,
425 3241 589 3310 Christum
619 3247 772 3327 patenter
803 3244 836 3308 in
852 3241 983 3308 famulis
1000 3240 1068 3307 suis
1083 3238 1238 3325 persequi
1253 3257 1319 3304 non

196 3359 368 3436 verentur,
392 3369 433 3417 ac
449 3351 478 3416 si
494 3350 600 3416 iaetus
624 3351 669 3416 sit
683 3350 845 3436 impotens
870 3349 1019 3416 dominus
1045 3349 1212 3415 ultionum.
1238 3345 1318 3413 eum

195 3458 281 3524 enim
297 3457 409 3526 dilecti
424 3455 484 3523 filii
500 3457 624 3523 iratres·
650 3456 875 3543 predicatores
907 3456 1112 3536 abnegantes
1144 3452 1319 3519 salubriter

196 3565 411 3651 semetipsos,
443 3564 603 3646 elegerint
635 3564 669 3630 in
685 3563 848 3631 altissima
872 3571 1068 3649 paupertate
1093 3559 1223 3628 Christo
1240 3577 1306 3646 pau

196 3673 266 3757 peri
283 3671 325 3737 ad
340 3671 495 3756 placitum
513 3671 684 3754 famulari,
708 3679 865 3754 tauquam
881 3670 962 3738 nihil
979 3672 1138 3737 habentes
1154 3677 1187 3737 et
1203 3668 1327 3744 omnia.

198 3779 414 3862 possidentes,
436 3796 501 3844 non
517 3760 637 3845 desunt
661 3777 809 3864 plerique
839 3786 905 3846 tarn
937 3779 1160 3846 Ecclesiarum
1194 3775 1317 3843 Prelati

199 3901 296 3966 quarn
313 3886 369 3952 alii
379 3935 388 3968 ,
412 3885 469 3970 qui
484 3905 563 3953 ceca
580 3886 759 3972 cupiditate
776 3887 916 3954 traducti
933 3886 1064 3974 proprie
1074 3884 1226 3952 aviditati
1241 3885 1315 3954 sub·
1335 3933 1339 3942 .

199 3990 285 4057 trahi
308 3999 506 4078 reputantes,
532 3994 682 4077 quicquid
707 3994 863 4081 predictis
879 3992 1193 4061 iratribus'iidelium
1210 3995 1318 4078 pictas

201 4097 365 4186 elargitur,
383 4101 522 4185 quietem
537 4102 680 4188 ipsorum
696 4103 918 4189 multipliciter
933 4103 1126 4188 inquietant,
1151 4099 1321 4167 molestia-

197 4225 267 4273 rum
283 4209 473 4276 occasiones
490 4210 699 4292 exquirentes
714 4213 824 4278 varias
842 4219 954 4280 ronna
971 4211 1072 4294 ipsos.
1090 4211 1211 4278 Volunt
1228 4227 1315 4274 nam-

198 4333 260 4398 que
277 4317 339 4382 etsi
355 4337 420 4383 nou
436 4335 558 4401 omnes,
575 4319 656 4403 ipsis
672 4319 802 4403 invitis,
829 4339 938 4388 eornm
956 4318 1179 4386 cenfessiones
1195 4315 1319 4399 audire,

197 4441 237 4488 ae
253 4425 301 4490 eis
326 4426 495 4509 iniungere
525 4426 723 4512 penitentias
750 4435 782 4494 et
798 4427 1030 4496 eucharistiam
1062 4425 1235 4510 exhibere3
1261 4444 1321 4492 nee

196 4531 325 4615 volunt,
351 4539 386 4597 ut
413 4551 531 4617 corpus
556 4533 676 4602 Christi
692 4536 724 4602 iu
751 4555 861 4602 eorum
888 4535 1038 4604 oratoriis
1049 4541 1256 4615 reservetur,
1288 4539 1322 4598 et

196 4632 319 4713 iratres
337 4639 483 4725 ipsorum
511 4641 682 4712 defunctos
707 4643 797 4730 apud
813 4645 970 4712 ecclesias
989 4663 1067 4710 suas
1084 4641 1217 4726 sepeliri
1235 4659 1320 4706 cum·

1046 4747 1106 4818 12*
