3220 5058
819 249 866 317 64

761 347 920 358 ..η-...-

276 467 346 512 rum
361 453 541 513 uestrarum
556 443 717 529 augendis
736 443 915 510 commodis
933 451 967 508 et
982 443 1196 528 procurandis
1222 443 1398 512 bonoribus

237 566 240 572 ⁴
276 553 465 638 obligemur.
483 554 526 619 Et
541 573 582 619 ne
597 555 681 620 forte
696 550 839 620 facultas
851 549 1085 636 consequendi,
1094 549 1184 636 quod
1198 553 1329 638 petitur,
1345 550 1398 619 de-

276 659 349 727 esse
364 659 459 729 vobis
473 663 508 728 in
524 661 635 744 aliquo
651 658 820 743 videatur,
847 657 962 726 fideles
979 657 1155 726 Diooesum
1171 658 1348 726 earundem
1364 661 1398 726 iu

276 786 461 835 succursum
477 769 623 836 eiusdem
639 769 771 854 Imperii
786 785 1019 853 processuros,
1045 785 1106 834 noc
1130 787 1194 833 non
1221 788 1333 836 eorum
1351 765 1397 832 fa
1431 785 1435 792 ·

276 877 398 944 miliam
415 884 448 943 et
462 877 550 945 bona
566 874 685 958 omnia,
696 876 800 944 donee
816 873 858 942 de
875 875 1020 961 ipsorum
1035 873 1142 942 reditu
1157 875 1211 943 sel
1226 875 1316 943 obitu
1332 893 1398 941 cer·

274 983 400 1050 tissime
416 989 641 1069 cognoscatur,
659 981 719 1050 sub
734 984 936 1070 protectione
947 1002 988 1051 ae
999 981 1192 1049 defensione
1204 983 1300 1052 Sedis
1311 982 1398 1068 Apo-

276 1091 392 1159 stolioe
407 1091 636 1176 admittentes,
660 1092 747 1176 illis,
764 1092 821 1177 qui
842 1092 936 1158 iuxta
950 1090 1140 1158 facultatem
1159 1096 1191 1156 et
1206 1090 1398 1174 qualitatem

276 1218 367 1267 suam
393 1201 471 1266 illue
495 1199 674 1266 bellatores
699 1199 835 1266 idoneos
860 1199 893 1264 in
919 1199 1074 1284 expensis
1090 1197 1231 1284 propriis
1247 1199 1399 1266 duxerint

277 1307 501 1391 destinandos,
517 1327 577 1372 nec
593 1328 656 1374 non
672 1306 748 1394 illis,
770 1308 823 1390 qui
841 1306 886 1374 ad
902 1305 1151 1374 subventionem
1166 1304 1309 1372 fidelium
1325 1325 1398 1392 par-

278 1416 356 1482 tium
374 1416 549 1482 earundem
566 1416 607 1480 de
622 1415 717 1482 bonis
732 1416 874 1501 propriis
891 1433 1033 1499 congrus
1049 1414 1282 1496 ministrarint,
1307 1413 1398 1478 iuxta

278 1523 495 1607 quantitatem
507 1523 645 1591 subsidii
656 1529 688 1588 et
698 1523 879 1590 devotionis
890 1522 1041 1590 affectum
1052 1523 1142 1588 illam
1152 1521 1397 1605 indulgentiam,

278 1630 426 1715 idemque
442 1631 649 1718 privilegium
664 1633 850 1716 elargimur,
869 1651 933 1715 qne
949 1629 1194 1698 transeuntibus
1206 1630 1398 1696 etsnbveni·

277 1739 419 1806 tentibus
436 1741 469 1806 in
486 1745 572 1807 terre
582 1741 704 1806 Sancte
715 1738 894 1806 subsidium
905 1739 1132 1830 conceduntur.
1144 1737 1229 1817 Quid
1239 1739 1325 1804 ultra
1336 1736 1353 1801 ‘l
1363 1745 1399 1805 ut

277 1847 475 1934 sepedictum
493 1847 667 1934 negotium,
687 1866 754 1931 quo
771 1848 917 1934 pluribus
934 1847 1094 1932 contingit
1109 1847 1215 1913 iuvari
1232 1845 1397 1928 remediis,

276 1957 490 2043 promotionis
506 1963 615 2041 optate
632 1955 791 2042 suscipiat
806 1956 1056 2042 incrementum,
1081 1955 1284 2041 presentium
1303 1955 1398 2034 uobis

276 2067 468 2132 auctoritate
496 2063 722 2147 concedimus,
751 2066 837 2148 quod
861 2083 1043 2150 pauperum
1068 2071 1101 2131 et
1125 2063 1281 2132 debilium
1305 2081 1399 2128 cruos

276 2169 478 2255 signatorum
498 2173 684 2240 Dioeesium
710 2175 906 2257 earundem,
935 2192 1007 2239 oum
1032 2171 1149 2256 quibus
1175 2169 1326 2237 duximus
1350 2169 1398 2236 di-

277 2280 496 2368 spensandum
504 2331 514 2366 ,
534 2287 611 2350 uota
626 2281 899 2368 peregrinationis
915 2279 948 2346 in
964 2299 1157 2347 succursum
1174 2279 1322 2365 ejusdem
1336 2279 1399 2346 Im·

276 2391 359 2476 perii
375 2397 626 2476 commutantes,
650 2391 716 2457 illis
742 2389 796 2473 qui
813 2389 857 2456 ad
872 2393 1014 2456 vestram
1035 2389 1236 2474 solempnem
1252 2387 1399 2473 predica-

278 2501 404 2568 cionem
423 2499 624 2566 accesserint
634 2546 642 2581 ,
672 2497 792 2582 viginti
817 2497 889 2564 dies
907 2497 947 2564 de
963 2497 1109 2581 injuncta
1123 2497 1303 2584 penitentia
1318 2498 1399 2562 reia

275 2628 365 2684 sare,
380 2627 420 2674 ao
436 2626 544 2674 eorum
560 2607 697 2693 singulis
707 2607 783 2673 illue
793 2614 946 2692 suscepto
957 2612 1091 2691 propter
1103 2604 1165 2672 hoo
1175 2603 1279 2671 erneis
1289 2605 1398 2688 signa·

277 2713 351 2778 oulo
369 2714 591 2800 processuris,
616 2715 671 2797 qui
695 2733 754 2798 pro
781 2711 941 2780 incendiis
957 2719 991 2778 et
1007 2711 1182 2778 iniectione
1199 2731 1349 2779 manuum
1365 2711 1398 2776 in

277 2823 413 2889 clericos
438 2823 492 2888 vel
516 2822 600 2889 alias
620 2823 793 2906 religiosas
808 2839 968 2908 personas
986 2820 1330 2887 excommunicationis
1348 2819 1398 2885 lc-

277 2949 393 3014 queum
417 2931 636 3014 incurrerunt,
663 2929 822 3016 impertiri
840 2931 932 2996 iuxta
949 2927 1087 2999 sormam
1104 2929 1253 3022 Ecclesie
1269 2927 1398 2994 absolu-

277 3039 376 3126 tionis
392 3037 583 3106 beneficium
599 3039 757 3122 ualeatis,
781 3037 912 3124 proviso
939 3045 974 3135 ut
999 3039 1110 3122 passis
1141 3037 1286 3122 dampna
1302 3043 1335 3102 et
1350 3035 1397 3100 in-

276 3147 376 3216 iurias
393 3147 601 3215 satisfaciant
615 3147 856 3232 competenter,
874 3146 941 3214 illis
958 3147 1120 3214 dunmxat
1136 3143 1303 3231 exeeptis,
1320 3162 1397 3228 qno·

274 3277 343 3325 rum
361 3275 518 3323 excessus
533 3254 618 3322 adeo
635 3261 710 3321 sunt
725 3251 874 3321 difficiles
885 3259 917 3322 et
926 3274 1087 3342 enormes,
1099 3255 1187 3340 qnod
1197 3255 1312 3320 merito
1323 3257 1399 3319 suut

277 3367 454 3434 adsedem
471 3364 696 3450 Apostolioam
713 3362 911 3430 destinandi.
939 3363 1089 3432 Ceterum
1115 3363 1203 3446 quod
1217 3383 1276 3448 per
1292 3359 1396 3429 dictos

277 3476 458 3560 Episcopos
473 3475 527 3541 vel
543 3492 656 3539 eorum
672 3473 810 3538 alterum
826 3491 923 3558 super
938 3473 1107 3557 premissis
1130 3471 1280 3539 omnibns
1296 3467 1397 3535 eonti-

279 3579 363 3665 gerit
377 3581 562 3664 proourari,
588 3579 686 3646 robur
701 3580 823 3646 habere
839 3581 987 3647 uolumus
1003 3579 1174 3646 firmitatis.
1207 3578 1328 3644 Datum
1343 3573 1397 3638 Vi-

277 3687 374 3754 terbii
389 3687 456 3752 kal.
472 3687 570 3771 Junii,
585 3681 811 3771 (Pontificatus
826 3685 944 3777 nostri)
960 3709 1047 3756 anno
1063 3687 1244 3756 undecimo.

279 3861 341 3934 (IX.
355 3861 482 3936 Gergely
493 3859 570 3934 pstpa
581 3861 767 3936 Regestdibdl
780 3863 903 3922 'I'ireiner
915 3867 952 3922 id.
966 3885 1002 3921 m.
1016 3865 1036 3919 1.
1051 3865 1111 3922 ko't.
1127 3863 1187 3922 156.
1201 3865 1220 3920 l.
1234 3861 1268 3918 V.
1284 3865 1309 3918 d.
1323 3877 1396 3915 esen

278 3951 413 4026 pslpdnsk
435 3952 541 4010 le'ueldt
562 3953 610 4010 IV.
625 3953 697 4009 Bela
709 3952 856 4026 kirdlybou
868 3953 1002 4029 Fejeruel
1021 3955 1089 4013 Ood.
1103 3953 1180 4026 Dipl.
1195 3951 1244 4008 w.
1259 3952 1319 4006 ludt.
1333 3951 1359 4003 l.
1373 3968 1395 4007 r.

375 4055 378 4063 .
794 4045 838 4100 83·
851 4047 887 4113 l.)
1419 4063 1421 4067 .

706 4289 959 4301 ...a-ffi-a—--a-ae
