3184 5064
743 1193 822 1261 224.

220 1387 279 1454 IV.
295 1388 422 1458 doubs
431 1395 524 1478 pdpo
540 1413 561 1455 a
575 1391 839 1458 decedeloroudiele
865 1394 948 1458 tatos'
963 1395 1134 1480 opdtsdpdt
1156 1393 1238 1460 Taso
1255 1394 1353 1460 dirio-

626 1497 732 1564 totos
747 1499 829 1566 ocati.
848 1499 946 1564 1260.

327 1693 516 1764 Alexander
542 1695 726 1780 Episcopus
753 1712 868 1762 seruus
895 1715 1064 1764 seruorum
1080 1695 1141 1762 Dei
1168 1695 1359 1764 karissimo

221 1803 254 1870 in
271 1803 398 1871 Christo
414 1803 481 1870 filio
507 1801 630 1870 illustri
656 1800 737 1887 Regi
756 1801 898 1886 Vugarie
915 1803 1055 1870 salutem
1071 1805 1103 1870 et
1119 1803 1346 1888 Apostolicam

221 1911 492 1979 benedictionem.
521 1913 601 1980 (ium
618 1912 688 1998 iiia,
715 1931 778 1995 que
795 1911 920 1980 iaciunt
937 1913 980 1978 ad
997 1911 1044 1978 tui
1061 1911 1202 1978 nominis
1219 1911 1350 1978 clarita-

222 2027 288 2088 tem
306 2025 404 2102 atque
422 2025 567 2086 nostram
578 2019 826 2107 immunitatem,
840 2019 1004 2086 offendere
1020 2017 1151 2110 minime
1168 2018 1350 2102 conueniat,

221 2129 281 2196 sed
296 2127 388 2197 uobis
406 2134 438 2196 et
455 2135 509 2196 tno
533 2129 657 2196 nomini
682 2127 858 2214 diligenter
885 2129 1054 2196 intendere
1071 2129 1199 2211 deceat,
1226 2134 1261 2194 ut
1277 2146 1348 2194 nos·

222 2243 273 2302 tra
291 2243 324 2302 et
356 2243 413 2303 tua
441 2237 474 2302 in
499 2235 683 2302 huiusmodi
714 2238 848 2304 claritas
881 2255 1010 2322 semper
1027 2234 1171 2302 debono
1188 2233 1353 2300 inmelius

221 2345 331 2410 ualeat
356 2343 538 2429 adaugeri3
565 2343 708 2429 expedit,
741 2343 826 2428 quod
850 2343 941 2429 pium
959 2350 1049 2410 esset
1066 2347 1099 2408 et
1115 2342 1245 2427 iustum!
1264 2349 1299 2408 ut
1315 2341 1348 2407 in

219 2453 423 2538 temporibus
439 2454 632 2539 opportunis
658 2452 778 2521 affectu
796 2457 944 2540 prompto
961 2471 1042 2537 erga
1060 2450 1223 2536 quoslibet
1256 2470 1347 2518 exer-

218 2575 309 2644 ceas,
326 2558 481 2646 precipue
498 2559 587 2627 eirca
602 2559 751 2628 Preietos
769 2561 992 2629 Eooicsicrum
1010 2559 1115 2642 Regni
1130 2556 1177 2625 tui
1194 2557 1347 2644 vigilanti

219 2668 331 2736 animo
347 2669 569 2754 prosequaris.
587 2669 675 2736 Sane
692 2669 804 2734 dilecti
821 2667 879 2734 filii
896 2717 904 2733 .
922 2715 929 2732 .
948 2715 956 2732 .
974 2667 1089 2732 Abdus
1114 2671 1146 2732 et
1162 2663 1348 2734 conuentus

219 2777 412 2843 Monasterii
428 2777 469 2843 de
487 2777 574 2842 Tatc
591 2775 723 2842 Ordinis
734 2775 846 2842 Sancti
856 2773 1028 2840 Benedicti
1043 2772 1238 2837 transmisse
1254 2773 1349 2840 nobis

220 2885 383 2968 peticione
409 2889 650 2964 monstrarunt,
676 2881 763 2964 qnod
781 2899 852 2946 cum
863 2879 971 2945 felicis
1001 2874 1240 2943 recordatiouis
1256 2876 1350 2944 Inno-

216 2990 345 3055 centius
359 2991 455 3072 Papa
479 2989 694 3074 predecessor
722 2994 833 3054 noster
849 2985 1031 3053 venerabili
1048 2985 1140 3051 fratri
1157 2991 1269 3052 nostro
1287 3035 1294 3050 .
1313 3031 1320 3049 .
1339 3035 1346 3049 .

219 3097 388 3183 Episcopo
416 3097 663 3182 Wesprimiensi
680 3095 830 3165 dedisset
842 3094 903 3162 sub
920 3101 1009 3162 certa
1025 3094 1128 3161 forma
1145 3112 1202 3178 per
1217 3094 1347 3164 litteras

214 3205 426 3290 Apostoliocs
442 3207 476 3272 in
502 3203 677 3285 mandatis,
702 3206 749 3271 uti
776 3205 803 3270 si
816 3239 818 3250 ‹
831 3205 861 3270 ei
881 3204 1028 3286 legitime
1045 3210 1215 3270 constaret
1231 3205 1344 3272 uillam

215 3314 257 3380 de
272 3311 359 3378 'Palu
369 3312 413 3378 ad
424 3311 545 3378 dictum
556 3313 788 3380 Monasterium
800 3315 974 3400 pertinere,
986 3311 1076 3378 illam
1088 3310 1207 3380 amotis
1224 3312 1345 3380 exinde

215 3421 418 3506 quibuslibet
448 3420 572 3500 illicitis
599 3421 827 3488 detentoribus
856 3421 962 3488 eidem
988 3418 1190 3486 Monosterio
1216 3421 1345 3489 restitu-

214 3537 292 3612 eret,
334 3530 422 3598 idem
453 3529 657 3615 Episcopus,
690 3530 768 3615 quia
799 3531 864 3598 sibi
880 3530 922 3598 de
940 3531 1000 3598 hoc
1016 3530 1163 3615 legitime
1187 3531 1342 3618 constitit,

215 3639 402 3726 predictam
418 3639 532 3705 uillam
546 3639 748 3707 authoritate
780 3639 961 3706 litterarum
988 3641 1134 3727 ipsarum
1166 3641 1345 3709 sententio-

216 3745 340 3814 naliter
356 3745 498 3814 restituit
508 3746 708 3814 Monastcrio
718 3751 907 3830 memorato,
926 3765 1049 3830 nosque
1065 3748 1155 3831 quod
1171 3747 1212 3815 ab
1229 3749 1345 3817 eodem

214 3853 382 3940 Episcopo
391 3873 489 3941 super
498 3854 560 3921 hoo
571 3853 705 3940 prouide
713 3853 833 3921 factum
851 3853 966 3936 extitit
983 3875 1042 3940 per
1059 3864 1189 3922 nostrus
1204 3857 1334 3925 litteras

214 3961 373 4029 duximus
384 3961 648 4032 crndrmundum.
660 3963 836 4043 Quisvero
853 3963 959 4044 nobili
975 3963 1045 4030 uiro
1062 3963 1231 4050 Stephano
1263 3968 1345 4040 idat.
1421 3961 1422 3965 ’

212 4070 291 4157 tbey
303 4070 460 4138 familiari
470 4078 525 4140 tuo
537 4071 659 4140 dictam
670 4072 783 4140 uillam
794 4071 963 4138 detinente
974 4078 1087 4141 eontra
1098 4073 1204 4142 Deum
1216 4074 1346 4141 etiusti-

214 4179 294 4246 tiam
306 4185 511 4264 occupatam,
527 4181 630 4268 ijdem
642 4181 755 4249 Abbas
767 4189 799 4247 et
809 4179 996 4248 Gouuentus
1009 4181 1050 4249 de
1066 4172 1272 4249 destitutione
1287 4183 1344 4250 ba·

212 4285 282 4353 bita
295 4289 462 4356 cententio
474 4287 658 4358 huiusmodi
670 4289 976 4376 nuilumpotuerant
986 4290 1141 4373 consequi
1152 4287 1344 4357 dnemiusti·

214 4393 264 4459 eie
277 4413 347 4477 sue,
358 4415 430 4462 oum
441 4406 574 4482 propter
585 4397 758 4464 factionem
770 4417 862 4466 suam
874 4400 982 4466 nullus
996 4399 1036 4465 de
1047 4397 1199 4482 partibus
1209 4396 1275 4464 illis
1286 4417 1344 4466 oa·

210 4499 395 4572 sirensibus
412 4507 651 4574 restitutionem
662 4515 872 4575 memoratam
883 4509 964 4574 velit
975 4505 1158 4573 executioni
1170 4506 1342 4592 mandare,

208 4609 428 4680 serenitatem
445 4620 534 4680 tuam
552 4621 679 4684 attente
690 4615 920 4703 requirendam
934 4615 1084 4683 duximus
1102 4619 1135 4680 et
1150 4613 1342 4701 rogandam,
