3154 5030
279 466 393 518 versus
414 465 474 512 nus
490 450 634 513 nostram
651 445 684 510 in
701 441 859 512 offensam
875 442 1004 525 equoris
1020 461 1079 529 per
1089 455 1241 528 ampncm
1250 446 1402 508 natantes

280 565 393 623 nostro
418 559 452 623 in
467 562 603 640 aspectu
620 553 782 618 vallantes
799 549 1035 636 aggrederunt,
1060 551 1258 635 eosdemque
1275 551 1406 617 crebra·

278 685 349 732 rum
363 665 501 732 telarum
513 659 719 728 missionibus
737 657 884 725 feriendo
901 677 941 724 ao
956 660 1142 725 lancearum
1158 667 1192 726 ct
1208 657 1344 724 aliorum
1354 657 1401 724 in-

280 777 530 840 strumentorum
547 769 590 835 ad
607 768 640 833 id
657 773 806 851 aptorum
832 765 1008 852 generibus
1029 766 1147 834 ictibus
1164 765 1338 833 sanciendo
1354 766 1404 831 in·

284 881 358 950 sula
375 879 418 948 ab
434 879 567 947 inituim
577 876 791 964 opprimendo
801 893 1011 960 compescere
1021 875 1177 957 fecerunt,
1188 877 1278 942 stolo
1292 881 1406 957 strage

281 990 372 1057 necis
388 990 457 1056 tere
482 987 633 1054 omnibus
658 983 823 1050 domolitis
848 991 949 1066 atque
965 983 1132 1050 suffocatis
1149 985 1286 1068 pristine
1303 983 1404 1048 saluti

282 1105 314 1165 et
329 1097 473 1164 libertati
490 1093 691 1180 exipsorum
707 1093 822 1158 merito
838 1091 946 1158 laudis
963 1093 1116 1176 preconio
1136 1089 1323 1158 attollendis
1347 1109 1404 1176 ge·

280 1207 341 1272 stis
358 1205 448 1272 felici
472 1204 610 1271 victorie
619 1203 801 1287 gaudentes
818 1199 975 1266 diuinitus
992 1217 1103 1268 sumus
1119 1199 1269 1269 restituti.
1286 1199 1323 1266 In
1339 1218 1406 1282 quo

279 1313 465 1381 certaminis
496 1311 600 1396 prelio
626 1309 717 1376 multi
748 1329 790 1375 ex
806 1309 889 1393 ipsis
905 1309 1026 1375 nostris
1058 1307 1210 1376 fidelibus
1241 1325 1404 1390 corruere,

285 1421 344 1487 alii
359 1439 437 1487 vero
453 1419 608 1502 stigmata
623 1419 737 1486 letalia
753 1423 786 1482 ct
802 1418 918 1502 grania
934 1419 1095 1484 sustulere
1111 1436 1171 1502 pro
1188 1416 1289 1483 nostri
1305 1414 1405 1482 bono-

284 1527 330 1593 ris
347 1523 554 1594 exaltacione
571 1525 708 1608 collique
736 1523 881 1609 Regalis,
898 1559 941 1572 -·
958 1559 1002 1571 —-
1018 1559 1062 1571 -
1079 1524 1146 1590 iam
1162 1523 1312 1611 precipiti
1327 1522 1406 1589 sub·

280 1631 422 1701 leuando
439 1653 520 1700 sane
543 1631 744 1720 probibente.
771 1633 871 1698 Porro
888 1633 992 1699 donec
1007 1631 1039 1700 iu
1057 1633 1132 1716 ipsa
1148 1631 1257 1698 insula
1271 1629 1404 1716 profugi

281 1761 484 1809 moraremur
514 1739 614 1808 iidem
640 1739 744 1806 nostri
760 1739 875 1809 fideles
892 1739 1071 1823 Pagenses,
1091 1738 1232 1806 ciuitatis
1249 1743 1282 1806 et
1297 1738 1405 1804 insule

283 1849 480 1916 voluer-salis
498 1847 724 1932 communitas,
740 1867 805 1915 non
822 1848 939 1928 coacti,
956 1847 1017 1914 sed
1033 1855 1203 1932 gratanter
1219 1853 1251 1913 et
1264 1847 1409 1914 letanter

282 1957 716 2042 cunctaeorumbonaporro
727 1955 1164 2023 donariavariaetuiotualia
1174 1953 1407 2040 copiosamque

281 2065 505 2149 frequenciam
520 2063 808 2150 ministracionum‚
820 2066 954 2150 insuper
970 2071 1003 2130 et
1018 2083 1084 2132 non
1100 2063 1261 2131 modicam
1279 2065 1407 2149 quanti·

281 2180 383 2240 tatem
400 2172 547 2239 thesauri
567 2193 608 2238 ac
617 2173 753 2258 pecunie
772 2193 831 2258 pro
848 2171 1058 2256 acquirendis
1083 2171 1294 2259 stipendariis
1310 2171 1405 2237 armi-

281 2281 381 2366 geris,
406 2277 739 2363 expeditionibusquo
760 2279 878 2348 ceteris
890 2281 981 2346 iuxta
992 2279 1192 2347 commodum
1206 2287 1238 2346 ct
1250 2281 1405 2349 bonorem

282 2397 393 2455 nostre
411 2387 619 2455 Celsitudinis
630 2389 724 2454 nobis
736 2387 854 2454 offerre
881 2391 1083 2456 studuerunt.
1103 2389 1244 2468 Quorum
1260 2385 1407 2454 laudabi-

280 2497 358 2564 lium
375 2497 604 2582 obsequiorum
616 2515 727 2563 eorum
739 2496 780 2562 ob
798 2495 1068 2564 meritavclentes
1083 2497 1173 2581 ipsos
1184 2495 1317 2580 Regalis
1328 2493 1406 2562 doni

280 2603 656 2691 patrocinioclemcnter
666 2603 793 2684 intueri,
811 2603 918 2689 ipsam
935 2603 1102 2672 ciuitatem
1118 2613 1151 2670 et
1161 2605 1302 2670 insulam
1325 2603 1407 2688 Pagi

280 2720 432 2780 vocatam
447 2712 584 2780 totalem
600 2731 640 2778 ao
655 2711 816 2795 integram
826 2731 866 2778 ac
877 2711 948 2780 siue
965 2711 1163 2800 exceptione
1180 2721 1213 2780 et
1227 2713 1406 2778 interuallo

281 2819 496 2904 qualicunque
510 2819 571 2886 sub
588 2818 734 2886 terminis
745 2825 778 2886 et
787 2819 976 2905 confinibus,
988 2841 1070 2908 qnos
1083 2839 1173 2889 maro
1182 2819 1312 2887 vallans
1330 2839 1404 2887 con-

281 2926 405 2994 clusiue
421 2927 491 3012 giro
507 2947 565 2994 suo
582 2927 686 2993 ambit
701 2931 733 2993 ot
749 2927 913 2995 concludit
929 2948 1000 2995 cum
1017 2929 1179 2996 uniuersis
1196 2929 1265 2995 suis
1282 2927 1403 2993 utilita-

281 3032 368 3100 tibus
384 3040 416 3100 et
432 3035 640 3120 pertinentiis
664 3035 900 3121 prenominatis
927 3037 1052 3103 ciuibus
1077 3036 1241 3122 Pagensis
1257 3033 1402 3100 ciuitatis

282 3147 441 3208 eteorum
472 3142 682 3209 uniuersitati
712 3143 896 3228 ipsorumua
927 3141 1102 3211 heredibus
1122 3149 1155 3210 ct
1179 3141 1404 3227 posteritatum

282 3249 408 3318 cunctis
424 3249 672 3317 suecessoribus
688 3249 730 3316 dc
746 3251 953 3337 beneplacito
975 3251 1183 3320 serenissime
1197 3247 1404 3317 dominelle·

282 3358 331 3424 ric
346 3357 508 3426 consortis
533 3363 643 3424 nostre
671 3357 863 3426 charissime
895 3378 956 3426 neo
972 3379 1036 3426 non
1061 3359 1262 3426 Prelatorum
1294 3365 1327 3424 et
1341 3357 1404 3424 Ba

280 3485 395 3536 nouum
410 3473 594 3534 nostrorum
623 3465 759 3533 consilio
769 3474 955 3550 promoturo
982 3467 1133 3536 dedimus
1149 3473 1183 3533 ct
1198 3465 1401 3549 domuimus,

280 3571 345 3639 imo
362 3571 489 3658 darnns,
507 3573 665 3642 donamus
683 3579 715 3640 ct
730 3575 763 3640 in
780 3577 1013 3661 sempiternum
1025 3573 1220 3642 conserimus
1233 3572 1403 3660 possiden·

282 3677 368 3760 dam,
384 3678 557 3745 tenendam
585 3687 683 3763 atquo
710 3679 907 3764 habendam,
933 3683 981 3748 ita
996 3689 1031 3748 ct
1045 3683 1105 3748 tali
1121 3681 1229 3766 modo,
1245 3681 1331 3748 utin
1347 3700 1402 3748 ea·

281 3783 355 3850 dem
373 3789 406 3850 et
421 3785 472 3850 do‘
494 3787 618 3854 eisdem
643 3787 706 3854 frui
723 3795 755 3853 et
771 3789 915 3872 gaudere
940 3809 979 3856 ec
996 3791 1084 3872 iure,
1117 3790 1213 3858 modo
1231 3797 1265 3857 ct
1280 3787 1403 3871 ordine,

280 3907 321 3956 ac
335 3890 483 3957 omnibus
500 3892 566 3958 illis
576 3893 742 3978 vigoribus
759 3901 792 3961 ot
806 3895 963 3962 nobilium
979 3896 1167 3963 libertatum
1184 3897 1402 3982 prerogatiuis

279 4017 320 4064 ac
336 3995 513 4066 bonoribus
530 3997 700 4081 et'graoiis
731 4002 933 4088 specialibus
964 4011 1062 4087 atque
1089 4003 1312 4090 solempnibus
1344 4003 1401 4070 de·
1454 4080 1456 4083 .

280 4107 384 4174 beant
401 4113 501 4191 atque
528 4111 675 4195 possint,
700 4111 816 4194 quibus
832 4111 875 4179 ab
893 4113 1028 4195 antiquo
1045 4119 1191 4199 tempore
1207 4113 1302 4198 potiti
1318 4115 1403 4194 sunt,

280 4221 314 4280 et
329 4221 425 4299 prout
441 4215 541 4281 ceteri
568 4217 685 4281 urbani
710 4219 839 4285 sincero
855 4219 1037 4286 nobilitatis
1054 4221 1149 4286 titulo
1166 4221 1199 4285 in
1216 4220 1349 4286 urbibus
1363 4220 1403 4283 li-

279 4320 367 4388 berie
384 4329 484 4406 atque
500 4321 665 4389 nobilibus
681 4327 821 4409 nostris,
847 4327 999 4392 uidelicet
1015 4328 1048 4392 in
1065 4327 1137 4412 ipso
1160 4327 1275 4411 Regno
1292 4331 1401 4394 nostro

279 4427 451 4495 Dalmacle
475 4427 692 4497 existentibus
719 4431 781 4497 trui
797 4439 830 4500 ct
845 4433 990 4514 gaudere
1006 4435 1239 4521 perhibentur;
1263 4437 1401 4519 ipsaque

280 4534 360 4604 urbs
374 4537 459 4622 Pagi
482 4545 610 4622 rocam,
637 4557 677 4604 ac
687 4539 783 4605 cinos·
792 4546 825 4606 ct
839 4540 1006 4613 habitores
1023 4541 1092 4614 eius
1103 4541 1179 4610 binc
1194 4542 1311 4628 iugiter
1325 4541 1401 4608 etin
