3220 5058
727 1613 760 1682 1.

110 1879 112 1882 ¹
180 1792 202 1856 1
206 1791 241 1858 V.'
257 1791 341 1880 ‚Buta
354 1791 461 1885 leirdly
475 1793 655 1880 saeperdsttr'
669 1813 690 1856 a
705 1783 875 1856 Pdaccnr'a
894 1800 977 1856 azae
995 1787 1112 1884 bepya‘u
1129 1788 1297 1878 (Pannon-

181 1897 322 1986 dulnrdn)
347 1890 444 1967 deira
452 1897 625 1988 fsjedelem
639 1903 671 1965 'ds
685 1920 727 1964 az.
745 1898 855 1964 Isinda
870 1897 977 1983 btrcty
993 1897 1074 1963 abal
1085 1900 1258 1987 vbkpdott,
1285 1925 1302 1966 a

181 1997 251 2088 e'zek
266 2009 298 2072 ds
311 2011 380 2074 meis
398 2029 531 2095 mappas·
554 2007 721 2094 kirclyob,
747 2008 868 2071 radmor
885 2002 1012 2091 fflarbk
1031 2008 1063 2070 ds
1077 2006 1202 2092 despicit
1220 1999 1302 2074 attat

178 2115 341 2204 panduyoc
364 2107 671 2206 machcmdnyczott
694 2109 930 2182 saar-mattam·
947 2118 1082 2201 npdtadp
1089 2117 1254 2202 jdszdpait
1270 2117 1302 2181 ds

158 2233 159 2236 ¹
230 2229 234 2238 ’
506 2223 718 2314 juvebtmeit.
736 2223 969 2288 raas-1270.

226 2505 229 2514 ·
287 2473 325 2540 In
340 2474 472 2542 nemine
488 2459 609 2544 Sancta
625 2451 798 2543 Trinitatis
815 2479 847 2544 et
862 2470 1036 2558 Indiuidua
1051 2471 1201 2541 Vnitatis.
1221 2475 1303 2542 Bela

181 2577 368 2664 Deigratia
383 2581 562 2668 sangario,
581 2582 761 2668 Dalmatis,
778 2579 941 2663 Obroatis,
962 2580 1073 2664 Rama,
1092 2580 1215 2664 Seruis,
1239 2582 1303 2650 Ga·
1352 2663 1354 2666 ¹
1407 2609 1410 2614 ·

180 2683 268 2770 licie,
284 2687 487 2772 Lodcmerie‚
500 2689 720 2774 onnaniequc
730 2691 800 2756 Rex
815 2689 849 2756 in
863 2693 1065 2776 perpetuum.
1076 2685 1184 2768 Quum
1195 2689 1304 2778 labilis

169 2799 230 2864 'est
251 2793 417 2863 bominum
433 2797 589 2864 memoria
612 2803 646 2864 et
667 2817 776 2866 rerum
792 2797 886 2864 turbe
900 2816 966 2862 non
982 2794 1111 2882 sufficit,
1128 2809 1305 2880 congruum

180 2907 232 2968 est
246 2901 342 3000 etad
358 2904 519 2972 cautelam
536 2924 678 2972 errorum
694 2905 893 2991 expediens,
910 2905 997 2988 quod
1013 2922 1053 2970 ea
1069 2923 1133 2988 qna
1149 2912 1305 2989 geruntur

161 3089 165 3104 ᾖ
183 3008 217 3075 in
240 3009 387 3095 tempera
402 3017 470 3080 tarn
485 3012 519 3078 in
538 3013 636 3080 rebus
660 3012 896 3106 ecclesiasticis
922 3000 1021 3095 quarn
1045 3009 1245 3096 mandaria.
1262 3035 1305 3082 nc

182 3105 322 3204 propter
339 3103 535 3190 cbliuicuem
560 3123 714 3189 labantur
740 3141 812 3188 cunt
828 3113 987 3207 tempore,¹
999 3121 1305 3189 uiuacilitterarum

181 3211 623 3317 testimenio'perennentur,
648 3233 803 3316 precipue
822 3237 951 3316 prepter
967 3228 1170 3312 frequentem
1186 3228 1305 3297 calum-

180 3332 293 3418 pniam
310 3335 571 3424 aliquorum,'qui
586 3357 817 3426 nonnunquam
833 3337 979 3425 peccatis
996 3336 1200 3421 exigentibus
1214 3337 1305 3429 laba·

180 3427 363 3528 rantlclara
378 3443 563 3530 obfuscare,
579 3451 671 3512 recta
687 3447 879 3512 subuertere
896 3451 930 3511 et
942 3429 1115 3520 ueritatem
1133 3461 1193 3516 suc
1209 3463 1305 3522 cona·
1321 3435 1324 3443 ’

179 3551 267 3618 mine
283 3550 425 3618 subdere
442 3549 592 3618 falsitati.
614 3552 690 3617 Hac
704 3551 813 3634 igitur
832 3549 1237 3637 consideracioneinducti
1252 3571 1306 3618 uc

179 3659 287 3725 lentes
303 3647 533 3743 indempnitati
550 3667 583 3725 et
597 3659 699 3742 quieti
723 3661 915 3727 Menanterii
930 3659 1026 3727 Beati
1041 3659 1174 3726 Martini
1190 3659 1232 3726 ds
1248 3659 1307 3727 Sa·
1390 3648 1395 3660 ’

162 3813 164 3818 -
180 3783 235 3832 cre
251 3765 362 3831 Monte
377 3765 547 3834 Pannonia
563 3766 740 3834 salubriter
764 3787 835 3835 cum
852 3768 979 3836 cautela
1004 3767 1110 3837 studia
1126 3759 1307 3855 prouidere,

180 3890 296 3939 omnes
312 3877 419 3942 terras
435 3873 505 3940 eius
521 3873 620 3959 igitur
635 3873 895 3960 quandocunque
911 3879 944 3942 et
960 3891 1150 3958 quecunque
1166 3873 1252 3946 iusto
1269 3877 1307 3944 ti-

179 3980 248 4047 tulo
264 3977 448 4062 acquisitas
460 3979 668 4066 perfidelem
684 3989 828 4049 nostrum
840 3983 1032 4068 magistrum
1042 3975 1179 4049 Albeuur
1194 3983 1308 4050 Archi·

180 4083 357 4154 diaconum
372 4071 582 4175 liddensem,
598 4089 702 4158 uirum
719 4091 830 4174 utique
847 4090 1114 4182 circumspectum
1139 4097 1173 4156 et
1188 4089 1308 4158 diacre.-

180 4197 261 4279 tum,
278 4192 434 4262 iussimus
451 4185 567 4262 erectis
584 4196 678 4263 nouis
694 4198 791 4262 metis
810 4203 843 4263 et
858 4195 1021 4264 distinctis
1037 4181 1184 4290 terminis
1200 4195 1309 4284 desig·

180 4300 273 4384 nari,
299 4307 397 4388 prcut
420 4301 455 4368 iu
481 4297 620 4368 subditis
636 4302 827 4388 apparebit,
847 4303 1075 4370 nichilominus
1089 4288 1310 4391 precipientes

105 4463 107 4466 .
181 4405 288 4481 eidem
305 4399 465 4497 magistre
482 4409 673 4498 specificare
689 4417 722 4478 et
736 4411 888 4498 redigere
898 4413 932 4479 in
945 4411 1076 4496 scriptis
1088 4411 1308 4490 condiciones,

181 4513 293 4584 officia
308 4537 369 4585 seu
384 4519 529 4614 seruicia
545 4527 732 4588 cunctorum
748 4519 913 4588 bominum
928 4521 1165 4607 pertinencium
1181 4519 1225 4587 ad
1241 4521 1309 4588 Mc·
1388 4563 1391 4572 ·

175 4625 359 4693 nasterium
375 4619 607 4714 memoratum,
620 4635 657 4696 ut
671 4647 732 4713 per
745 4629 808 4698 lroc
824 4627 963 4712 utrique
979 4627 1178 4694 Monasteric
1194 4623 1310 4694 videli-

231 4745 554 4796 uouuuursuuc.rr1su
571 4769 596 4782 -
608 4747 688 4795 unu.
705 4753 717 4795 r
1130 4735 1147 4804 1
