3140 5044
225 875 353 942 Rolund
363 877 468 942 reddor
478 897 500 939 α
515 875 648 940 danrellca'
661 877 795 960 apciudp
811 876 843 940 e'u
852 873 959 940 amab
968 873 1101 940 oeduroi
1110 873 1193 938 lcb'ett‘
1203 873 1237 938 K
1235 873 1354 938 emund

276 996 355 1050 occu
359 983 474 1072 jb'ldre
482 984 654 1049 vouutltozo
656 1005 721 1070 per
730 981 940 1072 elipteeeaerlil
950 984 995 1048 od
1004 981 1235 1069 biaonyadyot.1
1238 983 1313 1046 252.

239 1211 248 1234 .
333 1164 404 1230 Nos
420 1161 588 1230 Rolandus
606 1161 775 1228 Palatinus
792 1167 825 1226 et
841 1160 957 1229 (lomes
974 1161 1181 1228 Posoniensis
1198 1159 1349 1227 omnibus
1381 1173 1386 1184 ·

224 1279 396 1356 presentes
426 1272 555 1338 litteras
582 1267 779 1353 inspecturis
805 1267 954 1336 duximus
980 1265 1241 1353 significandum,
1262 1265 1349 1351 quod

226 1397 298 1444 curn
325 1377 469 1444 Jacobus
495 1375 609 1444 Abbas
625 1375 774 1442 Ecclesia
801 1376 922 1442 Sancte
938 1375 1041 1440 Murio
1058 1375 1099 1441 de
1116 1371 1268 1441 Demnnk
1283 1391 1349 1438 una

228 1505 300 1553 cum
318 1485 467 1570 patronis
485 1485 632 1552 eiusdem
649 1483 812 1566 Ecclesie,
844 1483 984 1549 Martius
1000 1482 1153 1548 videlicet
1182 1481 1248 1548 filio
1263 1479 1348 1546 'Pbo-

225 1613 286 1672 me,
309 1593 479 1679 Gregorio,
499 1599 531 1658 et
548 1589 785 1657 Fabianofiliis
803 1588 910 1676 Merse
934 1589 1105 1656 Martinum
1131 1589 1233 1655 filium
1254 1589 1347 1670 Papa

224 1717 334 1766 eoram
349 1700 445 1766 uobis
471 1698 720 1780 convenissent,
745 1698 973 1781 proponebant
998 1705 1111 1763 contra
1128 1697 1243 1782 ipsum,
1260 1692 1347 1776 quod

222 1803 1346 1890 quamdamterramdiotcllcclesieKamundvocatamadtriaaratra

86 1901 95 1918 '
221 1913 436 1982 sufficientem
468 1915 592 2000 pariter
618 1933 697 1979 eum
714 1911 822 1978 feneto
838 1917 871 1978 et
886 1913 1040 1997 porcione
1057 1931 1157 1997 aque,
1173 1930 1269 1994 quam
1286 1909 1346 1975 ha·

222 2019 278 2086 bet
294 2025 328 2090 in
339 2023 460 2090 Morzol
477 2044 550 2088 cum
567 2023 780 2088 seruitoribus
797 2020 942 2088 eiusdem
955 2021 1104 2087 Ecclesie
1115 2039 1213 2105 super
1230 2017 1344 2086 eedem

222 2135 310 2193 terra
343 2128 619 2196 commorantibus
653 2129 798 2196 indebite
838 2131 1086 2214 occupauisset,
1111 2135 1144 2194 et
1173 2125 1343 2193 detineret.

221 2235 343 2301 Contra
358 2254 440 2318 quos
451 2235 609 2303 Martinus
620 2243 818 2302 memoratus
828 2235 1068 2322 respondebat,
1092 2234 1342 2318 quodillaterra

219 2343 286 2409 sua
297 2364 427 2429 semper
443 2343 562 2432 suisset
593 2351 626 2408 et
643 2352 732 2411 esset
759 2345 967 2428 hereditaria,
984 2351 1016 2409 et
1032 2343 1177 2410 eiusdem
1193 2349 1278 2408 terre
1293 2343 1340 2406 in·

219 2452 291 2518 cole
308 2452 358 2516 sui
375 2457 486 2516 esseut
496 2450 637 2534 libertini
656 2459 688 2516 et
703 2471 832 2536 semper
844 2451 983 2520 luissent
997 2472 1039 2518 ex
1049 2451 1120 2518 iure
1134 2449 1340 2520 hereditario.

216 2560 259 2625 ut
274 2579 346 2628 cum
370 2560 444 2644 ipse
471 2560 512 2626 lis
530 2561 651 2626 mutuis
667 2561 941 2628 altercaciouibus
958 2581 1066 2628 coram
1082 2559 1177 2628 nobis
1193 2559 1248 2625 diu
1264 2555 1341 2624 fuis·

216 2675 266 2733 set
282 2666 452 2750 ventilata,
470 2667 675 2752 postmodnm
686 2665 789 2752 ipsam
809 2688 953 2754 causam,
970 2668 1055 2734 sicut
1072 2669 1150 2734 ordo
1166 2666 1214 2732 rei
1231 2666 1339 2749 exige·

215 2774 274 2840 bat
285 2825 294 2858 ‚
317 2773 359 2840 ad
386 2795 526 2841 examen
551 2774 654 2842 duelli
682 2773 918 2870 iudicauimus:
945 2783 1062 2844 etcum
1080 2775 1113 2840 iu
1129 2773 1266 2839 termino
1282 2793 1338 2858 pa·

215 2883 293 2949 riter
309 2885 481 2970 assignato
506 2885 634 2970 pugiles
660 2883 725 2950 iam
741 2885 839 2970 positi
865 2885 1026 2951 cusentin
1044 2903 1123 2950 area
1151 2881 1338 2948 certaminis

213 2991 378 3078 ambigui,
412 2991 617 3075 permittente
644 2991 774 3059 domino
809 2993 892 3057 Belo
917 2993 1007 3078 Rege
1030 2991 1196 3076 Hungsrie
1213 2995 1245 3058 et
1261 2989 1335 3054 aliis

212 3099 323 3182 probis
338 3097 418 3166 viris
435 3097 655 3165 mediantibus
670 3098 746 3178 talis
762 3098 851 3165 iacta
865 3099 926 3166 fuit
947 3099 1145 3185 composicio
1161 3097 1245 3166 inter
1259 3117 1335 3181 par·

211 3212 272 3292 tes,
289 3207 381 3292 quod
392 3215 485 3273 terro
502 3205 832 3274 Kamundantedicta
846 3208 1085 3291 relinqueretur
1096 3207 1138 3273 ad
1155 3205 1207 3270 ius
1223 3204 1333 3271 Eccle-

210 3315 260 3381 sie
276 3323 455 3381 memorate
486 3315 610 3400 pariter
636 3335 707 3381 cum
725 3316 843 3383 incolis
873 3315 1019 3383 eiusdem
1035 3321 1138 3398 terre;
1161 3313 1210 3380 ita
1224 3317 1333 3380 temen

210 3428 245 3485 ut
261 3421 404 3504 precium
421 3421 512 3488 illius
531 3429 616 3490 terre
633 3422 810 3490 secundum
826 3424 1073 3490 estimationem
1089 3423 1232 3488 virorum
1248 3440 1331 3486 com-

208 3527 457 3612 prouincialium
485 3527 600 3594 Abbas
626 3527 761 3596 deberet
785 3527 956 3596 refundere
984 3527 1127 3596 Martino
1144 3527 1333 3608 nominat0,·

209 3631 251 3698 de
267 3633 384 3698 incolis
400 3641 510 3701 antem
528 3655 626 3721 super
642 3635 758 3704 eadem
775 3642 863 3703 terra
885 3635 1101 3703 existentibus
1117 3654 1176 3722 pro
1193 3631 1333 3720 singulis

207 3739 356 3824 singulas
367 3761 495 3808 marcas
507 3741 594 3808 idem
606 3743 718 3809 Abbns
731 3743 818 3810 dicto
830 3743 970 3810 Martino
981 3744 1186 3830 persolueret
1195 3761 1283 3808 more
1294 3741 1332 3806 li·

206 3847 414 3932 bertinorum;
432 3848 490 3916 sed
501 3851 618 3934 viginti
628 3849 775 3918 homines
785 3872 826 3918 ex
838 3851 963 3919 eisdem
975 3850 1128 3918 cederent
1145 3849 1254 3917 adius
1271 3849 1331 3915 Ee·

205 3953 307 4022 clesie
323 3955 489 4024 antedicte
507 3958 583 4025 sine
600 3959 714 4043 aliqua
730 3961 945 4027 redemcione.
958 3958 1140 4044 Completis
1156 3959 1255 4044 igitur
1269 3963 1326 4024 ter·

204 4063 301 4130 minis
317 4061 361 4131 ad
376 4062 561 4133 faciendam
572 4066 772 4135 solucionem
782 4069 959 4136 secundnm
970 4067 1107 4136 sormam
1118 4061 1329 4152 composicio-

163 4177 165 4182 ’
203 4173 265 4256 nis,
281 4171 388 4242 dictus
403 4172 517 4241 Abbas
543 4176 586 4243 ab
603 4195 667 4243 una
683 4184 789 4260 parte,
807 4184 840 4244 et
855 4177 1014 4246 Martinus
1032 4196 1074 4258 ex
1091 4175 1197 4242 altera
1213 4181 1327 4240 nostro

204 4299 242 4346 se
257 4287 524 4365 representantes
554 4283 763 4370 conspectui,
787 4284 875 4351 idem
907 4285 1067 4352 Martinus
1093 4301 1205 4350 coram
1231 4279 1326 4348 nobis

205 4389 284 4453 riva
299 4407 379 4454 vcec
411 4391 581 4476 exposuit,
606 4393 692 4476 quod
708 4393 821 4460 Abbas
837 4393 1005 4478 predictus
1020 4393 1063 4459 ab
1073 4397 1225 4458 uniuersa
1240 4391 1326 4457 solu-

203 4493 299 4564 oioue
316 4494 379 4562 sibi
405 4497 516 4566 debita
539 4499 605 4566 iam
632 4505 722 4566 esset
738 4501 930 4584 expeditus,
962 4507 1049 4592 etex
1066 4506 1160 4584 parte
1185 4495 1325 4564 Abbatis
