3220 5058
234 509 470 598 perducemus,
486 529 548 578 neo
562 530 627 579 non
643 515 680 580 ut
695 511 800 580 locum
814 501 1047 600 redemptionis
1063 513 1173 578 nostre
1189 505 1357 577 sanctissi-

232 640 320 690 mum
335 619 569 708 Redemptor-is¹
578 619 778 707 propitiante
794 617 969 686 clementia
983 636 1043 704 pcr
1055 612 1203 687 Ecclesia
1218 614 1311 712 filios
1320 613 1357 683 li·

233 726 384 798 beremns
396 789 398 794 .
409 724 451 796 de
463 727 625 795 manibus
640 741 853 815 paganorum.
883 725 966 793 Inde
980 724 1016 791 dt
1032 725 1121 809 quod
1136 723 1279 795 sollicite
1294 745 1358 820 me-

234 836 378 905 ditanter
401 853 461 904 vos
484 835 639 927 nobis-in
665 835 794 904 Obristo
820 831 1013 906 rarissimos
1037 830 1070 898 in
1096 833 1229 902 remotis
1244 819 1361 902 haberi

235 943 401 1034 partibus,
418 961 486 1027 quo
498 941 535 1010 fit
544 994 552 1028 ,
568 943 801 1032 utspiritualis
817 942 991 1010 celationis
1007 943 1135 1010 alterne
1149 943 1274 1021 solacio
1289 961 1360 1030 pcr-

235 1051 394 1121 sonaliter
417 1049 509 1122 refioi
533 1051 754 1137 nequeamus3
780 1051 950 1137 quinimo,
973 1051 1060 1136 quod
1075 1053 1185 1137 plures
1201 1049 1361 1123 inhuius-

235 1161 324 1230 modi
338 1159 601 1246 locis·existunt,
628 1161 683 1244 qui
707 1159 855 1247 predicte
880 1160 1039 1245 gremium
1055 1159 1203 1228 Ecclesia
1221 1167 1362 1230 contem·

235 1277 384 1355 pnentes,
408 1287 448 1335 ao
464 1268 634 1354 turbantes
650 1268 750 1336 corda
765 1267 909 1336 fidelium
925 1267 959 1332 in
973 1267 1132 1334 Romanis
1146 1265 1289 1355 Imperio
1304 1293 1362 1358 po·

238 1379 531 1463 sitorum,necnon
541 1378 746 1462 quantumin
763 1377 843 1462 ipsis
860 1383 912 1443 est
927 1376 1182 1463 repugnaonlum
1199 1397 1363 1466 opponen-

238 1494 308 1572 tes,
335 1485 421 1568 quod
444 1484 539 1553 reddi
553 1485 660 1552 libera
675 1503 742 1550 non
757 1485 862 1570 possit
877 1485 1061 1552 Jerusalem
1076 1486 1194 1554 civitas
1209 1488 1363 1573 gloriosa

239 1591 337 1678 digne
353 1590 568 1678 providimus,
583 1598 620 1659 ut
635 1589 678 1658 ed
694 1592 859 1677 predictas
877 1599 988 1677 partes
997 1595 1220 1661 venerabilem
1229 1595 1364 1665 fratrem

237 1708 385 1769 noenum
402 1749 410 1767 .
428 1752 435 1766 .
453 1749 461 1766 .
478 1701 680 1786 Episcopum
695 1700 905 1784 Perusinum,
931 1701 1034 1766 vnum
1049 1691 1160 1786 utique
1176 1703 1315 1771 scientis
1332 1711 1365 1772 ct

240 1809 412 1877 honestate
438 1809 666 1894 conspicuum,
693 1807 764 1873 Deo
791 1807 944 1875 dilectum
970 1793 1003 1874 et
1027 1815 1197 1896 acceptum
1213 1811 1308 1878 nobis
1324 1831 1365 1887 ec

197 1899 202 1909 ’
241 1917 396 1985 iratribus
410 1917 532 1984 nostris
549 1917 603 2002 pic
618 1915 818 1984 vitestudiis
845 1921 878 1982 et
903 1915 1070 1983 evidentia
1088 1917 1280 1985 multimode
1293 1923 1365 2005 p'ro·

102 2049 105 2056 ·
239 2025 363 2109 bituris,
381 2042 538 2092 concesso
555 2022 618 2089 sibi
634 2023 731 2107 plene
746 2023 924 2108 legationis
941 2021 1051 2091 officio
1064 2025 1289 2115 mitteremus:
1310 2029 1367 2113 qui

242 2141 274 2202 et
290 2132 383 2202 vobis
400 2131 624 2209 affectionem,
649 2149 715 2213 qua
726 2167 728 2173 ·
740 2149 799 2214 vos
826 2131 859 2196 in
885 2128 1015 2197 consto
1031 2134 1273 2218 complectimur
1289 2136 1366 2205 affe·

242 2247 368 2324 ctuose,
380 2229 564 2324 denunciet,
582 2237 616 2305 st
631 2237 762 2306 tandem
780 2236 894 2326 hilaris
911 2239 944 2305 in
961 2237 1101 2306 Domino
1118 2239 1289 2326 rediturus,
1306 2263 1367 2329 nos

242 2349 283 2415 de
298 2346 394 2416 robis
407 2344 584 2434 perfundat
599 2343 819 2412 immensitate
835 2346 948 2430 letitie,
959 2345 1059 2414 solita
1069 2349 1158 2433 patri
1169 2347 1309 2436 filiorum
1325 2351 1367 2418 dc

244 2454 433 2524 obedientia
447 2453 628 2540 provenire.
645 2452 811 2536 Rogamus
827 2453 939 2536 itaque
955 2449 1202 2524 universitatem
1222 2465 1366 2526 vestram

182 2566 185 2572 '
244 2571 278 2632 et
293 2563 503 2635 obsecremus
520 2562 553 2628 in
568 2558 699 2626 domino
714 2560 793 2626 Jesu
811 2557 959 2640 Olrristo,
985 2560 1259 2632 inremissionem
1275 2565 1368 2636 iobis

244 2671 470 2759 peccaminum
486 2667 702 2753 iniungentos,
720 2675 880 2752 quatenus
897 2668 1035 2736 eundem
1046 2671 1254 2759 Episcopum,
1270 2678 1369 2745 immo

245 2797 418 2867 personam
445 2783 591 2845 nostram
616 2776 649 2841 in
674 2776 747 2862 ipso
772 2776 982 2857 admittentes
998 2779 1144 2847 hilariter
1160 2787 1193 2848 et
1207 2781 1371 2869 condigna

245 2888 379 2956 honoris
394 2886 598 2974 plenitudine
613 2892 860 2971 prosequentes,
876 2886 1061 2971 verbaque
1077 2887 1111 2954 in
1127 2906 1183 2955 ore
1193 2907 1251 2966 suo
1261 2883 1370 2976 posui·
1432 2966 1433 2970 Ἴ

247 3015 327 3083 mus,
344 2997 505 3066 studeatis
520 3000 554 3060 et
568 3013 647 3061 anre
662 2993 783 3062 ‘devota
797 2994 964 3082 suscipere
979 2997 1012 3064 'ct
1026 2997 1185 3084 promptis
1198 2991 1370 3084 ,affectibus

248 3105 437 3190 adimplere,
454 3101 485 3170 ei
501 3121 596 3169 omne
612 3101 698 3189 quod
715 3103 854 3188 potestis
866 3104 1035 3172 consilium
1051 3111 1084 3172 ct
1099 3105 1256 3174 auxilium
1273 3107 1305 3174 in
1322 3107 1371 3173 fo·

189 3261 193 3272 ·
248 3215 359 3284 'vorem
375 3211 497 3280 credite
513 3212 577 3280 sibi
593 3213 844 3296 sollicitudinis,
867 3219 900 3278 et
916 3230 1014 3298 super
1030 3211 1256 3299 eopotissime
1271 3214 1371 3281 tribu-

249 3331 342 3394 entes
351 3373 360 3408 ‚
377 3321 483 3408 quod,
500 3340 564 3405 quc
579 3319 778 3408 prediximus
793 3319 914 3386 Divino
929 3318 1054 3404 placita
1070 3319 1250 3406 Maiestati,
1267 3339 1372 3405 quan-

248 3442 316 3500 tum
340 3433 374 3498 in
399 3429 493 3498 vobis
519 3437 589 3515 est,
614 3435 780 3495 annuente
797 3426 926 3494 Christo
942 3426 1153 3513 proveniant,
1179 3433 1212 3494 et
1236 3425 1374 3497 delictus

250 3541 335 3608 ilius
351 3539 471 3607 nobilis
487 3539 537 3605 vir
553 3537 703 3604 Assanus
718 3535 878 3602 Dominus
897 3535 1113 3618 Bulgarorum
1130 3541 1162 3603 ct
1177 3535 1373 3604 Bluohornm

250 3650 339 3717 circa
354 3644 538 3714 Ecclesiam
553 3643 739 3711 devotionis
755 3637 934 3728 augmenta
947 3640 1141 3728 suscipiens,
1160 3643 1194 3708 in
1211 3642 1373 3711 defensio·

251 3777 326 3824 nem
341 3755 475 3841 Imperii
490 3753 662 3821 memorati
677 3751 903 3839 multiplicatis
918 3751 1040 3820 viribus
1055 3751 1251 3834 invalescat,
1268 3753 1312 3822 ab
1327 3751 1374 3818 in·

250 3863 387 3934 ierendo
403 3858 467 3930 sibi
482 3861 666 3930 discrimine
683 3859 862 3930 desistente
878 3853 1030 3928 Vultacio
1039 3911 1049 3946 ,
1075 3860 1200 3928 utinam
1214 3877 1277 3946 per
1292 3859 1372 3944 rigi·

253 3972 355 4039 lentie
370 3976 480 4038 nostre
493 3970 637 4038 'studium
662 3969 706 4038 ad
717 3953 836 4037 'sinum
852 3967 1001 4036 Ecclesie
1016 3987 1158 4054 superna
1173 3965 1375 4053 suffragante

254 4077 426 4145 elementis
450 4075 626 4145 reddituro.
657 4078 721 4146 Sic*
736 4077 824 4149 enim
849 4075 971 4144 ibidem
997 4079 1031 4143 e't
1048 4095 1109 4162 per
1124 4067 1326 4158 consequens
1342 4073 1375 4138 in

255 4183 405 4270 partibus
421 4184 556 4251 orientis
571 4183 838 4264 nomenDomini
855 4201 914 4270 pro
925 4192 1000 4253 voto
1010 4185 1131 4272 poterit
1141 4183 1291 4264 exaltari,
1302 4199 1376 4248 con-

256 4291 468 4375 sequentibus
483 4289 576 4358 vobis
593 4291 820 4360 retributionis
839 4299 952 4360 eterne
975 4293 1152 4379 premium,
1178 4297 1210 4358 et
1235 4311 1257 4359 a
1281 4284 1398 4358 nobis

256 4398 486 4468 nichilominus
501 4399 669 4483 condigna
682 4417 784 4484 opera
799 4401 990 4486 gratiarum.
1007 4399 1158 4467 Ueterum
1168 4395 1378 4486 prelatiEpi·

256 4505 349 4594 scopi
364 4507 570 4576 intendentes
586 4507 775 4576 salubribus
789 4507 922 4575 monitis
946 4515 980 4576 et
1004 4505 1188 4591 mandatis,
1214 4505 1319 4573 cidem
1345 4504 1381 4598 in

254 4635 371 4686 securo
388 4615 547 4684 conductu
562 4616 596 4684 in
612 4617 720 4685 cundo
745 4621 781 4684 et
802 4615 990 4700 redeundo,
1016 4635 1056 4684 ao
1082 4614 1158 4682 aliis
1183 4610 1379 4680 necessariis

1179 4716 1221 4786 50
