3140 5044
714 803 793 873 123.

193 1004 254 1073 IV.
273 1007 364 1070 Ionae
375 1007 466 1093 popa
482 1000 748 1090 apannonbalmi
762 975 930 1092 opdtadpot
940 1003 960 1068 l
964 1003 999 1070 V.
1018 1003 1100 1071 Bata
1122 1004 1230 1098 tirotp
1238 1009 1318 1098 pdc·

377 1113 384 1126 '
539 1107 701 1197 fopdadbo
716 1108 855 1197 cjdoljo.
873 1112 971 1177 1247.

300 1306 512 1375 Innocentius
528 1307 712 1394 Episcopus
729 1325 845 1374 seruus
862 1327 1029 1378 seruorum
1046 1307 1111 1378 Dei
1136 1309 1315 1380 karissimo

194 1416 228 1481 iu
245 1415 373 1484 Christo
398 1415 465 1482 filio
489 1463 497 1480 .
522 1415 670 1500 ..Regi
696 1413 839 1498 Vogario
869 1420 1008 1484 satutem
1033 1427 1066 1486 et
1090 1419 1316 1506 Apostoliram

197 1527 468 1596 benedictionem.
493 1526 631 1595 Gnatum
656 1528 726 1594 Deo
743 1527 922 1594 exhibitum
939 1529 1142 1612 famulatum,
1159 1532 1187 1600 si
1204 1547 1316 1618 perso·

199 1657 261 1704 nas
278 1639 400 1718 etfflloca
416 1636 573 1720 religiosa
587 1654 646 1722 pro
662 1635 750 1702 itlius
775 1638 959 1702 reuerentia
974 1657 1039 1704 nou
1056 1639 1159 1704 sotum
1177 1639 1317 1726 diligere

196 1746 255 1812 sed
280 1744 394 1812 defens
417 1779 462 1792 ·-
485 1778 528 1792 -
551 1780 595 1792 —
618 1743 695 1810 iicet
719 1743 817 1827 igitur
842 1744 981 1810 virorum
1016 1746 1315 1814 ecclesiasticorum

196 1854 366 1922 credamus
382 1859 415 1920 te
431 1861 588 1936 tanquam
615 1850 817 1918 Oorboiicuin
842 1852 1024 1936 Principem
1052 1861 1249 1920 amator-
1272 1889 1318 1903 ·-

195 1969 305 2032 tamen
322 1959 432 2027 dilecti
447 1959 504 2026 titii
520 1960 632 2026 Abbas
649 1967 681 2024 et
699 1943 884 2051 conuentus
898 1957 1085 2027 Mananterii
1103 1961 1216 2028 Sancti
1234 1962 1319 2028 Mar·

196 2072 256 2140 tini
273 2073 314 2138 de
329 2070 510 2145 Pannonia,
538 2069 627 2151 quod
643 2069 685 2135 ad
703 2069 882 2134 Romanam
900 2069 1084 2136 Ecclesiam
1102 2070 1190 2136 nulio
1209 2067 1317 2136 medio

195 2183 355 2266 pertinet,
380 2185 412 2244 te
429 2177 493 2244 sibi
517 2176 784 2243 fauorabiiiorem
810 2174 955 2244 sentiant
980 2175 1101 2243 nostris
1127 2175 1259 2243 monitis
1286 2184 1320 2244 et

199 2288 352 2374 precibus
369 2286 554 2370 cxcitatum,
587 2286 744 2370 Regalem
761 2285 982 2352 Exellentiam
999 2304 1151 2369 rogamus
1162 2295 1194 2350 et
1210 2302 1319 2350 mone·

196 2415 276 2463 mus·
290 2403 431 2476 notente,
458 2400 618 2478 quatenus
644 2393 733 2477 ipsos
759 2398 793 2457 et
809 2393 927 2460 dictum
946 2393 1175 2460 monasterium
1192 2393 1319 2460 babens

196 2525 255 2590 pro
271 2505 335 2570 Dei
352 2510 384 2584 ct
409 2503 597 2590 Apostolioc
614 2500 711 2568 Sedis
736 2501 922 2568 reuerentia
946 2501 1142 2587 propensius
1159 2519 1319 2567 commen·
1441 2519 1450 2532 ·

197 2613 311 2696 datos,
322 2617 325 2624 ’
337 2633 402 2678 non
426 2612 596 2696 permittas
614 2628 679 2692 eos,
705 2617 870 2694 quamtum
887 2609 921 2675 in
937 2616 969 2674 te
986 2607 1082 2674 tuerit
1097 2607 1140 2674 ab
1155 2607 1321 2692 aliquibus

196 2720 342 2788 indebite
357 2719 545 2803 molestari,
566 2719 614 2784 ita
630 2719 717 2802 quod
734 2719 797 2804 ipsi
812 2719 1014 2804 protectione
1030 2717 1137 2802 Regia
1153 2717 1321 2799 gaudeant

200 2850 237 2898 se
253 2829 404 2914 munitos,
421 2837 453 2892 et
469 2835 502 2893 tu
513 2847 573 2914 per
588 2827 766 2895 secularem
777 2824 964 2910 potenciam
981 2823 1161 2901 seculorum
1179 2821 1322 2890 Domino

198 2940 334 3028 piaceas
351 2957 475 3022 uosque
491 2943 581 3004 tuam
607 2933 813 3000 deuotionem
828 2932 943 3000 merito
962 2930 1237 2998 commendemus.
1253 2930 1321 2998 Da·

198 3057 265 3118 tum
282 3047 422 3132 Lugdini
437 3045 514 3113 XII.
533 3044 698 3112 kalendas
709 3040 878 3112 Februarii
888 3038 1099 3110 Pontificatus
1115 3039 1219 3108 nostri
1234 3058 1321 3106 anuo

202 3166 327 3245 quarto.

361 3351 509 3420 (Eradetie
522 3366 540 3406 ι
552 3347 766 3406 caenomanoni
777 3342 932 3419 fdapdtsdg
943 3337 1165 3408 lovdltdrdban.)

639 3684 886 3694 ...m-
