3140 5044
781 745 861 814 tea
880 799 882 802 .

263 925 285 991 1
290 923 324 990 V.
342 927 432 990 Iaces
443 928 536 1010 pcipe
559 923 747 1012 asephappju
772 947 794 988 a
809 927 901 1010 pydrr'
922 919 1122 1014 perpernae,
1148 925 1228 1011 luopy
1252 922 1394 1009 (ἰανθεὶς

262 1045 370 1098 macer
387 1032 570 1119 casterqama'
584 1032 734 1098 kancnok
744 1037 889 1098 azdmciru
905 1034 1027 1097 calami
1042 1031 1391 1120 cqqlrdzijavudulom-

464 1147 465 1151 ’
612 1140 663 1204 rel
677 1140 917 1226 qopdoakodjelc.
935 1141 1034 1205 1253.

373 1319 579 1384 Innocentius
604 1316 786 1402 Episcopus
803 1323 863 1383 etc.
889 1317 1073 1384 venerabili
1093 1318 1185 1395 trabi
1210 1364 1217 1380 .
1242 1367 1250 1384 .
1276 1369 1283 1382 .
1309 1318 1388 1402 Epi-

270 1446 369 1514 scopo
385 1425 550 1492 lauriensi
568 1427 705 1491 salutem
723 1432 784 1491 etc.
801 1425 853 1492 De
869 1427 1070 1510 singulorum
1089 1423 1280 1510 ,provisione
1297 1427 1388 1492 solli-

269 1535 327 1602 citi
342 1535 429 1602 circa
448 1534 523 1599 illos
548 1553 658 1599 curam
681 1533 837 1615 debemus
862 1533 1051 1620 impendere
1067 1531 1258 1620 specialem,
1284 1533 1394 1617 quiet

265 1639 405 1730 propriis
421 1641 545 1707 meritis
556 1649 588 1706 et
615 1643 804 1708 devotorum
828 1641 977 1709 Ecclesia
1001 1643 1164 1728 precibus·
1182 1643 1391 1709 adiuvantur.

266 1751 351 1818 Hinc
370 1757 430 1834 eat,
455 1749 543 1833 quod
559 1767 621 1816 nos
637 1748 789 1815 dilectum
800 1748 899 1815 filium
915 1751 1108 1834 magistrum
1126 1751 1307 1818 Gerardum
1323 1751 1392 1818 Ca-

265 1849 413 1925 nonicnm
430 1856 700 1942 strigoniensem,
717 1854 946 1921 consobrinum
961 1856 1071 1922 dilecti
1088 1857 1146 1923 filii
1163 1857 1313 1938 magistri
1329 1858 1386 1924 Al-

265 1966 349 2033 bcrti
366 1965 485 2052 notarii
501 1963 603 2031 nostri
620 1969 653 2029 et
668 1961 867 2029 venerabilis
881 1963 993 2029 fratris
1006 1966 1110 2052 nostri
1135 2013 1142 2026 .
1168 2015 1176 2030 .
1201 2015 1209 2030 .
1234 1965 1394 2052 Episcopi

268 2071 450 2140 Prenestini
467 2069 657 2156 Capeliani,
681 2069 777 2136 bonis
794 2077 943 2136 ornatum
960 2073 1103 2140 moribus
1121 2082 1154 2139 et
1171 2075 1311 2159 peritum
1327 2075 1391 2139 sci-

269 2183 357 2249 entia
373 2181 564 2261 litterarum,
583 2177 698 2244 favore
714 2178 870 2262 specialis
886 2180 1008 2264 gracie,
1023 2201 1087 2264 qua
1103 2182 1171 2250 suis
1182 2183 1392 2268 exigentibus

266 2289 389 2356 meritis
407 2287 524 2371 dignus
542 2287 702 2372 noscitur,
728 2292 963 2370 prosequentes
990 2289 1200 2382 mandamus,
1227 2297 1391 2372 quatenus

268 2397 372 2463 eidem
388 2396 547 2476 magistro
565 2394 603 2460 G.
621 2395 653 2460 in
670 2393 782 2478 aliqua
799 2395 1020 2462 Ecclesiarum
1036 2395 1143 2480 Regni
1152 2395 1319 2481 Huugarie
1334 2416 1389 2463 ca-

268 2502 413 2571 thedrali
421 2551 431 2585 ,
465 2504 517 2570 vel
542 2502 620 2587 alia,
635 2499 676 2567 dc
692 2501 850 2584 dignitate
869 2504 921 2569 vel
937 2511 1116 2589 personatu
1133 2524 1206 2572 cum
1221 2503 1393 2590 prebenda

266 2631 326 2682 seu
342 2609 510 2693 beneficio,
527 2609 571 2678 ad
588 2611 820 2694 cuiuscumque
843 2612 1050 2678 collationem
1067 2613 1245 2698 pertineat,
1259 2612 1390 2680 etiamsi

210 2779 213 2784 .
267 2739 377 2788 curam
392 2719 516 2787 habeat
537 2719 728 2804 animarum,
744 2725 841 2804 prout
857 2716 944 2810 idem
956 2718 1085 2786 duxerit
1094 2719 1343 2806 acceptandum,
1362 2719 1393 2789 si

266 2835 366 2896 vacat
380 2829 423 2894 ad
439 2823 586 2913 presens,
615 2827 667 2892 rel
682 2847 779 2911 quam
796 2827 933 2914 primurn
950 2827 993 2892 ad
1010 2828 1044 2894 id
1059 2828 1215 2910 obtulerit
1229 2846 1267 2893 se
1282 2826 1394 2894 iacul-

222 2975 226 2983 ·
267 2945 330 3020 tas,
346 2954 501 3021 procures
517 2935 711 3002 anctoritate
727 2942 840 3002 nostra
855 2943 956 3020 perte
971 2934 1390 3022 velaliumprovidere,sa-

267 3047 358 3115 cicns
370 3053 512 3111 exnunc-
526 3043 632 3127 ipsum
648 3044 682 3108 in
698 3041 858 3127 Ecclesia,
879 3045 913 3108 in
929 3043 1075 3126 quesibi
1090 3037 1254 3130 provideri
1269 3035 1386 3128 accep-

267 3153 405 3238 taverit,
430 3152 458 3219 si
476 3147 681 3217 Gathcdralis
707 3151 760 3217 vel
778 3151 863 3219 alias
891 3149 1067 3234 collegiata
1082 3151 1188 3236 fuerit,
1206 3152 1239 3217 in
1256 3150 1390 3220 canoni-

267 3283 339 3331 cum
354 3243 456 3348 recipi
472 3267 505 3328 et
521 3260 554 3326 in
571 3257 725 3341 tratrem,
750 3278 790 3324 ac
815 3257 980 3327 devotioni
1014 3266 1068 3325 tue
1085 3279 1263 3328 reservans
1278 3258 1389 3325 huius-

267 3371 357 3439 modi
372 3369 565 3453 dignitatem
575 3369 628 3435 vel
638 3351 848 3452 personatum
860 3385 929 3432 cum
940 3367 1109 3452 prebenda
1120 3387 1179 3436 seu
1197 3365 1391 3435 beneficium

267 3479 373 3548 eidem
405 3476 562 3561 magistre
577 3493 636 3560 per
651 3475 753 3560 tolvei
770 3475 888 3556 alium,
915 3473 965 3541 cni
982 3495 1080 3560 super
1106 3473 1168 3542 hoc
1194 3479 1284 3544 vices
1314 3482 1391 3542 tuas

269 3585 487 3669 commiseris,
512 3583 751 3652 conferendam.
767 3583 841 3649 Non
869 3584 1021 3660 obstante
1037 3591 1159 3664 statuto
1175 3584 1216 3650 de
1232 3590 1321 3652 certo
1337 3603 1392 3649 ca-

268 3695 458 3764 nonicomm
473 3711 618 3776 numero,
642 3679 826 3775 iuramento
843 3692 898 3758 vel
915 3691 1157 3760 confirmatione
1173 3693 1270 3761 Sedis
1285 3693 1392 3777 Apos-

267 3802 374 3886 tolicc,
391 3807 447 3868 aut
463 3817 654 3885 quacunque
669 3797 823 3866 firmitate
840 3797 926 3866 alias
952 3801 1115 3884 roborato,
1131 3787 1188 3867 aut
1213 3800 1242 3866 si
1264 3799 1392 3868 direxe-

269 3913 370 3981 rimus
385 3911 419 3976 in
435 3908 550 3976 eadem
567 3903 841 3993 ecclcsia'scripta
852 3914 966 3974 nostra
981 3906 1183 3992 specialiter,
1202 3907 1256 3973 vel
1272 3895 1393 3974 inillis

269 4015 622 4108 partibusgencraliter
632 4033 691 4100 pro
706 4013 804 4098 aliis,
829 4013 948 4098 quibus
965 4034 1023 4101 per
1038 4013 1100 4082 hoc
1116 4035 1181 4082 non
1196 4015 1303 4099 possit
1319 4033 1394 4099 pre·
1510 4054 1512 4057 -

267 4125 423 4196 indicium
447 4122 619 4209 generari,
654 4123 707 4189 vel
724 4123 810 4206 quod
825 4122 912 4213 idem
938 4121 1022 4190 alias
1039 4119 1253 4190 beneficiatus
1270 4121 1392 4204 existit,

266 4230 543 4304 curem'obtinens
570 4227 763 4315 animarum,
795 4237 853 4297 aut
868 4229 897 4296 si
913 4229 1076 4312 aliquibus
1105 4227 1319 4310 dignitatibus
1336 4229 1393 4295 vel

268 4339 518 4429 personatibus,
544 4337 691 4421 collegiis
707 4345 764 4406 aut
779 4338 876 4424 locis,
901 4339 955 4404 vel
971 4338 1047 4405 aliis
1063 4337 1310 4421 quibuscunque
1326 4335 1392 4401 snb

270 4449 384 4535 quavis
400 4447 506 4514 forma
523 4448 577 4514 rel
605 4447 821 4533 conceptione
846 4445 1018 4514 verborum
1034 4468 1056 4514 a
1072 4445 1158 4513 Sede
1173 4447 1216 4514 sit
1231 4445 1393 4512 indultum

272 4555 396 4639 eadem,
411 4553 498 4638 quod
513 4553 808 4637 excommunicari,
834 4555 993 4640 suspendi
1008 4573 1067 4622 seu
1082 4553 1252 4635 interdici,
1276 4553 1331 4621 rel
1346 4551 1394 4618 ad
