3154 5030
369 1008 495 1094 Vuu'caa,
511 1007 695 1096 kiriaieqyi
703 1031 776 1095 pap
790 1009 982 1096 ueyiatezete.
1000 1010 1098 1078 1237.

278 1187 348 1274 ugo
365 1188 486 1256 Vuieue
503 1188 642 1258 clericus
657 1222 701 1238 -
716 1223 760 1238 -·
779 1189 887 1276 Arpan
897 1240 907 1276 ,
932 1187 973 1256 de
999 1188 1080 1257 villa
1105 1185 1293 1271 Keuuuehig

170 1293 318 1362 recolens
333 1296 512 1364 nouissima
526 1316 611 1384 mea,
629 1303 662 1364 et
677 1294 836 1382 cogitans,
854 1293 941 1381 quod
956 1295 1055 1364 decor
1070 1293 1165 1364 huius
1182 1291 1292 1362 muudi

171 1399 255 1486 sugit
266 1402 367 1470 uelud
376 1405 502 1488 umbra,
518 1411 550 1472 et
564 1424 729 1490 uunquam
745 1405 779 1471 in
795 1405 911 1472 cedem
926 1410 1015 1473 statu
1031 1409 1220 1490 permanet3
1234 1397 1293 1470 aed

172 1511 339 1595 achilla,
360 1531 424 1596 que
440 1511 484 1579 ad
500 1513 654 1580 Diuinum
670 1514 777 1581 lucum
794 1512 1069 1600 augmentandum
1085 1510 1294 1580 conferuntur

173 1615 391 1687 immutabilia
415 1617 505 1704 apud
530 1621 635 1688 Deum
659 1626 885 1704 resumantur,
901 1619 1107 1694 uniuersitati
1123 1626 1232 1688 uentre
1247 1626 1293 1685 te-

173 1743 252 1792 nore
267 1725 473 1812 presencium
498 1724 577 1794 duxi
600 1725 870 1813 significandum,
890 1729 978 1811 quod
992 1727 1179 1812 porcionem
1194 1745 1295 1810 quau·
1333 1713 1337 1722 ’

173 1829 250 1898 dam
266 1832 301 1898 iu
316 1833 397 1901 uilla
411 1833 607 1920 Keurunhig‚
623 1832 678 1902 ubi
693 1833 807 1902 domuc
824 1851 898 1902 mea
913 1833 1053 1903 fundata
1073 1841 1124 1902 est
1133 1883 1143 1919 ‚
1168 1831 1212 1900 ad
1228 1832 1293 1899 duc

171 1939 286 2022 iugera
310 1940 378 2008 iure
404 1941 559 2026 empticiu
583 1943 626 2009 ab
643 1941 779 2026 antique
794 1962 816 2008 a
832 1960 883 2008 me
899 1959 1059 2027 possenna
1075 1940 1295 2027 contingebat,

173 2045 323 2114 Eccleeie
338 2049 451 2118 Sancti
467 2049 598 2118 Martini
613 2049 653 2116 de
669 2050 772 2116 Sacro
783 2051 892 2116 Monte
902 2048 1070 2118 Pannonie
1086 2049 1219 2126 contuli,
1236 2049 1296 2115 cub

173 2156 360 2224 testimonio
375 2155 498 2225 domiui
512 2157 630 2226 Jucebi
645 2157 877 2225 Archidiaconi
894 2155 1101 2243 simigiensis
1120 2163 1152 2223 et
1169 2154 1297 2224 Gabeni

174 2261 316 2330 Ourialie
332 2262 467 2332 Comitis
482 2263 705 2351 Simigiensis,
731 2273 763 2332 et
779 2285 876 2350 quam
894 2265 1033 2333 aliarum
1050 2265 1189 2352 plurium
1206 2264 1294 2330 illiue

173 2371 279 2456 patrie
305 2391 536 2459 personarum,
561 2372 595 2438 in
618 2381 811 2460 perpetuum
826 2371 1077 2460 possidendam
1103 2371 1162 2439 tali
1186 2379 1296 2438 temen

175 2481 376 2564 condicione,
393 2478 479 2564 quod
495 2480 709 2565 quoadusque
726 2482 880 2565 uiuerem,
897 2484 930 2548 iu
947 2481 1062 2550 eadem
1071 2497 1297 2566 permanerem

175 2586 246 2652 niue
272 2587 408 2654 alicuius
434 2587 694 2655 contradiccioue
721 2589 773 2654 uel
800 2589 990 2672 calumpnia
1021 2589 1134 2672 aliqua
1158 2589 1297 2654 interue-

176 2695 296 2762 niente.
327 2695 396 2762 Nce
413 2715 501 2779 ergo.
518 2695 549 2760 J.
565 2695 823 2762 Archidiaeonun
838 2695 984 2781 predicte
1000 2695 1172 2782 parrochie
1189 2694 1232 2761 ad
1249 2711 1297 2759 re-

175 2811 286 2888 gatum
302 2805 441 2890 predicti
456 2805 565 2872 clerici
581 2803 753 2872 donaciani
770 2804 917 2888 predicte
933 2805 1075 2890 sigillum
1085 2809 1229 2871 nostrum
1239 2803 1297 2867 im-

177 2915 254 2996 poni
278 2913 433 2998 fecimus,
461 2921 494 2978 et
517 2913 724 2999 postmodum
749 2914 783 2978 in
809 2921 1034 2997 argumentum
1054 2912 1130 2978 fidei
1145 2909 1298 2978 iussimus

179 3023 377 3090 conseruari.
386 3022 506 3088 Datum
517 3041 603 3088 anuo
613 3023 656 3088 ab
666 3019 1047 3089 IucarnacicueDcmini.
1062 3015 1299 3087 M⁰OO⁰XXX⁰

179 3129 329 3215 septimo.
348 3129 432 3210 Quia
447 3129 531 3196 Kcte
548 3130 696 3196 venditor
713 3135 798 3196 terre
812 3127 960 3215 predicte
977 3127 1147 3196 coufessus
1163 3125 1225 3190 fuit
1240 3142 1297 3190 co·

180 3258 250 3305 ram
274 3237 368 3305 uubis
378 3287 386 3322 ,
414 3238 472 3304 iiia
496 3236 560 3303 duc
578 3237 693 3322 iugera
708 3244 867 3304 tenerum
883 3235 987 3300 eidem
1005 3235 1043 3298 V.
1062 3233 1179 3298 ciclico
1196 3231 1298 3296 iibere

179 3345 375 3413 uendidisse.

322 3521 466 3592 (Eredetie
483 3538 501 3575 a
520 3519 736 3576 cuent-martum
754 3515 909 3589 fuapttstg
928 3511 1147 3584 levdltuiuaben.)

612 3769 859 3787 -.—.—.-.4.-.-.—-
