3154 5038
810 281 958 388 ἐφ.-.

318 484 413 562 parte
437 475 609 562 orientali;
633 473 753 542 deinde
776 474 867 544 vadit
892 475 936 542 ad
961 475 1082 542 vallem
1108 474 1324 555 Humurouou,
1348 475 1447 552 stibi

320 585 468 652 similiter
493 589 568 651 suut
592 583 656 650 dne
680 589 765 651 mete
793 591 920 668 terree;
953 581 1072 650 deinde
1098 584 1307 653 ascendendo
1324 591 1449 658 transit

320 688 482 776 quandam
508 712 642 778 pernam
669 691 788 776 vium,
810 691 864 758 rbi
896 697 973 756 sunt
987 689 1052 757 due
1070 699 1156 759 mete
1171 697 1294 781 terres,
1318 696 1448 768 deinde

319 800 469 867 aseendit
492 798 535 866 ed
560 799 696 885 Keuuyg
722 799 754 865 in
771 803 911 866 montem
927 799 1137 885 Hygmogos,
1166 805 1200 866 et
1214 801 1260 866 ibi
1282 813 1364 870 sunt
1381 806 1448 873 due

318 911 404 974 mete
420 913 544 990 terreo,
561 904 635 972 inde
652 905 804 974 aseendit
819 904 863 972 ad
879 911 1032 988 montem,
1049 905 1106 990 qni
1121 913 1255 973 vocatur
1271 911 1445 998 Kuaepte-

319 1018 383 1096 teu,
401 1021 433 1080 et
448 1012 493 1082 ibi
518 1013 602 1080 inter
617 1013 698 1080 dnos
722 1014 912 1080 monticulos
938 1020 1012 1078 sunt
1036 1012 1100 1080 due
1116 1021 1201 1082 mete
1225 1023 1351 1101 terree,
1380 1041 1448 1086 vua

318 1119 565 1190 uduornicorum
589 1140 611 1187 a
636 1129 729 1208 parte
754 1122 891 1189 sinistra
915 1121 1136 1208 oooidentali,
1162 1125 1268 1192 ultera
1296 1128 1447 1196 Abbatis

318 1249 339 1296 a
369 1236 465 1315 parte
506 1229 625 1296 dextra
663 1229 832 1314 orientali,
872 1227 991 1296 abbino
1025 1247 1104 1296 vero
1138 1250 1232 1299 mons
1263 1233 1448 1320 Higmogos

318 1338 504 1406 uduornieis
535 1345 568 1402 et
597 1337 718 1404 Abbati
758 1337 924 1425 predicto,
960 1337 1111 1423 eapitulo
1142 1337 1382 1424 vesprimiensi
1415 1349 1448 1408 et

319 1443 544 1512 castrensibus
583 1447 625 1512 de
656 1445 739 1511 Zala
769 1447 802 1512 in
833 1463 1000 1512 commuue
1037 1455 1200 1530 remanet,
1241 1448 1323 1514 siout
1367 1449 1446 1515 bae

318 1557 414 1619 tenus
429 1557 610 1618 tenuerant.
636 1552 666 1618 l
691 1559 786 1636 parte
810 1570 889 1618 vero
905 1551 1165 1636 septemtrionali
1180 1564 1255 1618 eunt
1270 1555 1333 1620 due
1350 1561 1441 1621 mete

319 1665 426 1729 terree
441 1659 577 1744 antique
589 1661 622 1727 in
639 1659 729 1728 valle
747 1659 881 1744 Paprad
891 1710 900 1745 ,
928 1679 991 1742 qne
1006 1657 1207 1742 distinguunt
1222 1665 1342 1726 terram
1362 1661 1444 1728 ville

320 1767 491 1856 'l'apluoha
506 1792 528 1838 u
544 1775 632 1836 terra
647 1769 788 1836 Abbatis
804 1768 917 1835 Sanoti
942 1769 1093 1852 Martini3
1118 1768 1195 1834 inde
1211 1767 1385 1835 deseendit
1402 1767 1443 1833 ad

317 1894 414 1944 vnum
431 1877 518 1942 beret
528 1926 538 1961 ,
554 1879 608 1960 qui
634 1877 732 1960 vulgo
759 1875 877 1943 dieitur
895 1875 1114 1942 Humuoteteu
1130 1876 1173 1940 ad
1189 1882 1315 1960 partem
1332 1879 1442 1942 orien-

317 1984 438 2070 talem,
464 1989 497 2050 et
521 1981 567 2049 ibi
592 1989 667 2050 eunt
692 1981 754 2050 due
771 1989 855 2050 mete
872 1981 1026 2066 antique,
1052 2001 1116 2048 une
1132 1981 1383 2050 uduornicorum
1401 1979 1440 2047 de

317 2093 411 2161 Kezv
427 2113 448 2159 a
464 2099 559 2176 parte
586 2073 865 2177 ¹septemtrionali,
891 2091 998 2156 altera
1022 2089 1162 2156 Abbatis
1179 2089 1291 2156 Sancti
1307 2089 1438 2157 Martini

319 2204 449 2285 sparte
472 2197 695 2285 meridionali;
721 2195 796 2266 inde
812 2195 981 2264 deseendit
995 2197 1039 2263 ad
1067 2216 1219 2282 magnam
1243 2197 1350 2281 viem,
1379 2217 1441 2280 que

317 2307 407 2373 venit
423 2325 444 2369 a
460 2303 654 2390 'lhopluobe
666 2311 699 2372 et
716 2303 807 2370 radit
823 2303 866 2370 ad
881 2303 994 2372 villam
1010 2304 1109 2390 Apati
1118 2352 1128 2388 ,
1153 2303 1210 2372 vbi
1226 2305 1331 2372 eoiam
1347 2310 1440 2372 erunt

316 2412 387 2480 due
404 2420 488 2478 mete
505 2413 651 2496 antique,
679 2431 762 2496 quas
778 2412 1016 2478 innouauerant
1030 2410 1216 2496 uduorniri3
1240 2412 1358 2480 deinde
1370 2431 1438 2498 pro-

319 2519 464 2587 tenditur
480 2523 513 2588 et
528 2519 617 2585 radit
633 2519 677 2585 ad
692 2527 821 2606 pratum
840 2521 952 2605 Egrug
968 2519 1012 2586 ad
1027 2527 1152 2605 partem
1169 2521 1374 2604 orientalem,
1385 2519 1439 2586 rbi

323 2634 418 2696 erant
434 2625 497 2694 dne
513 2633 601 2693 mete
617 2628 763 2713 antique,
779 2647 864 2712 quae
890 2627 1121 2694 destruxerant
1135 2627 1325 2712 vduomioi,
1349 2633 1384 2693 et
1400 2627 1438 2692 de

322 2755 407 2803 nono
424 2741 498 2802 sunt
513 2735 687 2823 innouute;
712 2733 830 2803 deinde
847 2735 992 2802 declinat
1008 2733 1052 2800 ad
1063 2733 1229 2801 meridiem
1245 2735 1337 2802 iuxta
1351 2735 1438 2801 iden

320 2849 471 2930 pratum,
498 2844 554 2912 rbi
578 2851 652 2911 sunt
678 2845 742 2912 due
760 2863 844 2912 noue
860 2852 947 2910 mete
963 2845 998 2909 in
1013 2841 1077 2908 line
1093 2847 1179 2910 terre
1196 2841 1351 2924 arabilis,
1376 2863 1439 2910 rna

316 2949 564 3036 uduomiuornm
590 2952 681 3018 iuxta
706 2959 838 3039 pratum
861 2953 972 3037 Egrug
989 2957 1119 3036 aparte
1136 2950 1310 3034 orientali,
1334 2949 1438 3016 altera

315 3055 456 3124 Abbatia
480 3057 514 3125 in
537 3057 601 3125 due
625 3067 710 3127 terre
734 3059 869 3126 arabilis
897 3067 1028 3145 aparte
1045 3056 1260 3142 oecidentali3
1285 3058 1363 3126 inde
1387 3079 1438 3127 ve

316 3165 365 3234 dit
380 3170 473 3234 iuxta
498 3165 622 3236 dietum
646 3171 796 3252 pratum,
829 3165 883 3233 vbi
910 3173 985 3231 sunt
1011 3165 1074 3232 due
1101 3173 1187 3231 mete
1211 3183 1296 3232 noue
1321 3165 1354 3231 in
1379 3167 1438 3233 tine

315 3280 402 3341 terre
425 3273 581 3361 arabilis,
605 3283 638 3342 et
669 3273 788 3342 exinde
813 3275 913 3341 intrat
944 3283 1071 3360 pratum
1099 3273 1210 3360 Egrug
1240 3275 1283 3340 ad
1314 3283 1437 3360 partem

315 3381 525 3466 orientalem,
551 3383 606 3450 rbi
636 3391 713 3450 sunt
742 3382 806 3450 due
837 3388 922 3449 mete
952 3401 1035 3448 noue
1067 3400 1163 3467 super
1185 3381 1330 3466 antiquis
1354 3388 1438 3447 trun-

314 3491 383 3576 ois;
415 3489 533 3556 deinde
565 3488 658 3558 vadit
681 3489 725 3558 sd
750 3509 904 3576 magnam
931 3507 1051 3572 aquam
1076 3489 1206 3574 tegrug,
1234 3489 1328 3555 iuxta
1343 3508 1437 3572 quem

315 3601 390 3664 sunt
413 3595 476 3662 due
505 3615 592 3663 noue
633 3605 741 3677 mete,
773 3615 836 3681 que
868 3613 956 3679 aqua
987 3592 1157 3681 distinguit
1187 3601 1309 3662 terram
1332 3595 1439 3662 Abba.

310 3705 340 3771 is
371 3722 393 3768 a
425 3709 513 3771 terre
554 3704 800 3774 uduornicorum
835 3709 1098 3771 memoratorum.
1128 3703 1199 3770 Neo
1228 3701 1291 3768 boe
1323 3703 1438 3770 omitti-

313 3828 403 3896 mus,
430 3807 515 3895 qnod
540 3811 582 3879 ab
609 3810 675 3878 illis
703 3811 832 3879 duubus
857 3812 952 3878 metis
976 3811 1010 3876 in
1034 3817 1152 3886 antea,
1176 3817 1330 3892 querunt
1347 3811 1434 3879 iuxta

313 3935 433 4002 aquam
449 3917 570 4002 llgrug,
586 3937 648 3986 neo
664 3919 776 4005 populi
791 3920 930 3986 Abbatis
940 3919 1083 4005 poterint
1098 3919 1239 3985 transire
1255 3919 1299 3985 ad
1315 3925 1432 3986 terram

312 4024 570 4110 vduornioorum,
589 4045 649 4092 neo
664 4023 836 4095 uduorniei
852 4027 994 4112 poterint
1004 4025 1117 4094 venire
1132 4023 1175 4092 ad
1191 4032 1312 4092 terram
1328 4023 1432 4093 Abba-

315 4133 359 4203 tis
375 4132 540 4202 antedicti.
557 4133 600 4200 Et
626 4135 674 4202 sio
691 4139 779 4202 terra
802 4135 942 4202 Abbatis
958 4133 1129 4201 memorati
1145 4153 1167 4199 a
1182 4137 1271 4199 terra
1287 4129 1435 4200 uduorni-

314 4262 425 4310 oorum
444 4239 486 4307 de
501 4241 612 4308 Keneu
630 4231 812 4327 separatur.
827 4243 898 4309 Neo
909 4241 970 4309 boo
980 4239 1258 4328 pretermittimus,
1274 4240 1360 4323 quod
1374 4244 1433 4305 ter-

323 4369 435 4417 rarum
463 4349 620 4417 limiteoio
635 4351 706 4417 siue
732 4349 888 4417 limitaoio
905 4349 996 4416 saeta
1012 4355 1062 4415 est
1078 4348 1162 4415 iuter
1177 4347 1371 4416 uduornioos
1386 4366 1439 4414 no-

315 4464 398 4523 stros
415 4463 447 4522 et
464 4455 625 4525 Abbatem
652 4458 764 4545 sepius
788 4457 985 4524 nominatum
1003 4457 1074 4523 sine
1090 4455 1267 4542 preiudioio
1282 4455 1427 4536 eliorum,

314 4561 368 4646 qui
383 4562 416 4627 in
432 4559 521 4628 diota
535 4569 644 4649 terra,
670 4583 732 4650 que
753 4565 854 4632 cessit
870 4565 995 4632 Abbati
1010 4563 1219 4631 dinosountur
1233 4559 1366 4646 aliquod
1380 4561 1428 4626 ina
