3154 5038
311 1109 372 1175 IV.
403 1108 486 1176 Be'lo
514 1105 621 1193 lcirdly
652 1105 768 1171 Harkn
797 1115 876 1170 asoa
905 1103 1060 1192 helyatffie
1075 1107 1250 1173 ominoso
1262 1110 1456 1194 adomduya

550 1213 657 1278 Kome·
680 1211 784 1300 Fnzop
800 1223 909 1279 mester
932 1216 1088 1279 eadmero.
1106 1215 1204 1278 1267.

417 1411 500 1477 Bela
517 1407 581 1475 Dei
597 1408 711 1492 gracia
726 1407 917 1496 llnngarie,
934 1411 1106 1478 Dalmacie
1116 1458 1124 1494 ,
1142 1409 1297 1495 (troanie,
1322 1411 1451 1478 Rome
1543 1359 1544 1402 d

318 1519 440 1601 Seruie,
457 1515 608 1602 Gallioie,
625 1513 831 1600 Lodomerie,
849 1515 1070 1600 (inmanieqne
1086 1518 1174 1595 Rex,
1202 1517 1355 1584 omuibus
1370 1537 1448 1604 pre

317 1623 551 1696 erutesliteras
567 1625 763 1710 inspecturis
779 1625 920 1692 salutem
947 1625 982 1691 in
1006 1644 1084 1691 vero
1109 1625 1255 1692 salutari.
1280 1625 1447 1704 Quamuis

316 1733 526 1802 Excellencia
540 1733 646 1819 Regia
664 1729 862 1819 peticionem
878 1731 1097 1815 quorumlibet
1128 1729 1330 1799 subditorum
1365 1751 1447 1800 cou-

312 1843 455 1910 sueuerit
471 1839 636 1920 exaudire,
652 1839 759 1922 magis
775 1845 885 1906 tamen
906 1839 1034 1907 illorum
1057 1837 1334 1926 supplicacionem
1364 1859 1443 1907 ecn-

313 1951 418 2020 sueuit
433 1955 527 2036 grato
543 1949 702 2034 consequi
717 1967 790 2016 oum
805 1947 939 2034 fanore,
956 1951 1012 2033 qui
1028 1955 1103 2015 suut
1118 1949 1202 2033 Regi
1218 1954 1251 2015 et
1265 1950 1385 2034 Regno
1401 1947 1440 2015 li·

314 2055 431 2126 deliter
446 2057 607 2125 famulati.
637 2054 778 2124 Proinde
809 2055 852 2122 ad
882 2056 1106 2124 uniuersorum
1135 2057 1289 2124 noticiam
1318 2063 1440 2124 tenore

310 2165 515 2252 presencium
531 2165 681 2232 uolumus
697 2163 889 2249 peruenire,
915 2163 1002 2248 qnod
1018 2163 1175 2251 magister
1199 2163 1375 2250 Philippus
1399 2163 1445 2230 de

295 2271 401 2338 ·Kuru
416 2269 523 2338 fidelis
538 2277 650 2336 noster
666 2270 762 2337 nobis
778 2271 1016 2340 instantissime
1034 2271 1242 2358 supplicauit,
1258 2277 1294 2337 nt
1313 2279 1443 2340 terram

312 2377 413 2444 castri
437 2381 540 2446 nostri
566 2379 800 2464 Suprnniensis
826 2381 957 2448 nomine
973 2379 1104 2463 llarlra,
1131 2381 1327 2450 existentem
1341 2385 1446 2450 iuxta

310 2491 429 2553 terram
446 2505 539 2552 snam
556 2485 743 2573 empticium
760 2483 879 2554 Harlra
895 2489 994 2556 etiam
1010 2489 1221 2573 nominatam,
1247 2507 1391 2556 vacuam
1407 2498 1444 2555 et
1541 2495 1542 2520 ³

310 2589 549 2660 habitatoribus
565 2592 753 2662 destitutam
770 2593 835 2662 sibi
861 2594 1010 2662 conterre
1034 2593 1254 2680 dignaremur.
1285 2595 1357 2662 Nos
1377 2594 1441 2679 igi-

309 2711 361 2770 tur
375 2699 582 2768 attendentes
598 2699 743 2769 eiusdem
759 2701 910 2786 magistri
926 2703 1071 2789 Philippi
1087 2702 1237 2788 seruicia,
1258 2721 1322 2787 que
1336 2704 1442 2772 nobis

309 2810 342 2877 in
359 2809 486 2878 feruore
501 2809 669 2878 fidelitatis
685 2809 854 2896 impendit,
871 2816 937 2876 mm
954 2813 988 2878 in
1003 2813 1116 2896 Regno
1135 2817 1256 2894 nostro,
1274 2829 1375 2894 quam
1402 2812 1439 2877 iu

309 2917 535 3002 legationibus
551 2916 756 3001 deferendis,
774 2917 936 3002 prefatam
952 2923 1072 2984 terram
1099 2917 1215 2985 Harka
1240 2917 1327 2986 dicto
1352 2919 1434 2986 Phi-

311 3022 411 3110 lippo,
428 3028 460 3090 et
469 3025 537 3092 suis
553 3023 729 3090 heredibus
744 3023 943 3107 heredumqe
961 3042 1092 3092 suornm
1109 3024 1352 3092 successoribus
1371 3027 1436 3094 snb
1543 3113 1544 3120 ἵ

310 3132 405 3199 metis
420 3131 561 3218 antiquis
578 3131 769 3199 contulimus
789 3141 945 3219 perpetuo
961 3131 1204 3221 possidendam,
1222 3152 1280 3218 per
1288 3133 1437 3201 Laureni

309 3241 392 3308 oium
409 3239 566 3308 Comitem
583 3239 838 3324 Supruniensem
855 3239 1009 3307 dilectum
1025 3246 1058 3305 et
1081 3239 1203 3306 fidilem
1227 3245 1372 3307 nostrum
1399 3241 1435 3307 in

308 3349 546 3436 possessionem
563 3345 706 3414 eiusdem
724 3355 808 3414 terre
818 3347 980 3416 introduci
995 3345 1167 3434 pacificam
1182 3347 1352 3414 facientes.
1389 3346 1436 3414 Ut

309 3456 407 3542 igitur
423 3453 484 3522 bec
500 3461 613 3522 nostra
638 3453 777 3523 donacio
792 3456 890 3523 robur
915 3459 1074 3543 perpetue
1098 3456 1246 3543 optineat
1269 3453 1434 3522 firmitatis

309 3567 480 3648 presentes
495 3560 608 3628 literas
619 3562 651 3627 in
662 3563 881 3630 testimonium
899 3563 1121 3632 concessimus
1136 3563 1237 3646 sigilli
1251 3560 1356 3630 nostri
1374 3563 1433 3628 du-

310 3667 408 3753 plicis
423 3669 598 3736 munimine
613 3673 795 3738 roboratas.
826 3672 948 3738 Datum
964 3691 1023 3757 per
1038 3690 1156 3739 manns
1172 3669 1322 3756 magistri
1337 3671 1431 3738 Sma-

308 3773 402 3857 ragdi
417 3774 521 3842 illecti
536 3775 685 3846 Ecclesie
703 3777 897 3848 colocennio
914 3780 989 3844 aule
1004 3785 1115 3846 nostre
1132 3777 1432 3845 Vico-cancellarii

307 3879 415 3948 dilecti
427 3889 460 3950 et
468 3880 574 3952 fidelis
584 3883 696 3970 nostri,
707 3905 792 3952 anno
802 3887 972 3953 millesimo
982 3885 1204 3954 ducentesimo
1213 3885 1268 3952 L⁰.
1279 3884 1430 3970 septimo»

310 3988 347 4057 V.
363 3989 441 4058 Idne
457 3991 619 4077 Octobris,
634 3993 740 4080 Regni
753 3998 977 4064 antemnostri
992 3995 1147 4064 vicesimo
1156 3995 1267 4063 tercio.

501 4167 646 4240 (Eredatie
664 4167 775 4242 Sopron
794 4188 835 4228 sn.
854 4171 883 4226 k.
903 4170 989 4228 vtro·
1009 4169 1232 4242 levdltdrdbsn.)

781 4413 1002 4432 *nn—w
