3154 5030
738 239 897 342 ,ΞΟ-6,,
940 321 942 326 ,

256 435 555 524 Oriptsmierratsm
574 436 612 506 V.
628 435 706 506 Idus
728 435 876 520 Augusti.
898 432 1124 524 (Pontificatus
1149 434 1267 526 nostri)
1291 458 1377 508 anno

257 551 401 732 {mnis
417 675 447 724 e.
463 674 492 722 o.
509 610 684 723 Colomano
700 655 784 740 Regi
800 655 883 722 Duci
899 652 1083 722 Sclavenie.

258 835 322 900 (lX.
342 833 469 907 Gergely
487 831 564 906 pdpa
581 831 768 904 Regestdibdl
786 832 913 888 Tbeiner
931 831 1018 888 idm.
1037 831 1059 886 l.
1073 831 1101 886 k.
1121 829 1214 888 179.1.
1239 831 1274 888 V.
1290 837 1314 888 b.
1327 831 1379 888 lx.

257 923 384 996 Gergely
396 921 472 995 pdpa
484 921 533 978 ket
544 919 605 978 mis
618 919 744 994 bubtjsc
755 921 908 994 Fejdrudl,
928 921 997 978 cod.
1010 921 1089 994 Dipl.
1102 921 1150 978 lv.
1165 922 1218 978 ket
1239 923 1265 976 l.
1279 939 1302 979 r.
1317 921 1377 977 184.

737 1010 770 1067 ds
782 1011 844 1069 204.
858 1011 902 1083 ll.)

704 1260 754 1270 ...-
763 1259 946 1270 ..m-m...-

750 1605 883 1700 ,W

257 1785 317 1852 IX.
335 1783 469 1872 Oerpely
477 1787 571 1872 pcipe
585 1783 609 1849 Ι
610 1781 646 1848 V.
656 1781 737 1850 Beda
752 1781 875 1872 biceps
889 1784 979 1849 iamet
987 1781 1177 1873 felszdlitp'o,
1194 1786 1272 1874 dopy
1288 1809 1309 1850 a
1321 1785 1383 1852 Re·

258 1895 373 1961 moltero
384 1894 537 1960 comodo
545 1905 709 1983 oppetemes
719 1892 848 1982 epyddet'
856 1895 998 1960 zsicatra
1014 1893 1382 1982 bcveebtctdj0.1240.

314 2104 318 2112 ·
368 2073 547 2160 Gregorius
562 2073 745 2160 Episcopus
761 2077 823 2140 etc.
841 2073 1012 2142 carissimo
1030 2075 1064 2141 in
1085 2071 1214 2144 Christo
1240 2072 1307 2141 filio
1324 2123 1331 2140 .
1349 2122 1356 2140 .
1375 2120 1384 2138 .

260 2180 383 2248 Illustri
397 2182 480 2266 Regi
490 2179 638 2264 Ungarie
653 2183 793 2250 salntem
811 2188 873 2248 etc.
891 2183 967 2249 Dux
978 2183 1140 2250 exereitus
1150 2183 1282 2249 Domini
1293 2181 1381 2268 Moy-

262 2308 336 2371 ses,
353 2287 471 2356 iudicia
488 2289 552 2372 Dei
568 2307 678 2356 coram
693 2289 841 2356 Israhele
857 2309 1063 2377 proponens,
1088 2290 1131 2357 ed
1146 2293 1253 2358 locum
1262 2339 1272 2375 ‚
1289 2309 1385 2375 quem

258 2381 358 2481 elegit
389 2390 567 2480 Dominus,
598 2402 631 2463 et
661 2395 867 2465 sacerdotem
895 2397 1033 2465 Levitici
1063 2397 1193 2483 generis
1209 2398 1243 2463 in
1272 2397 1383 2465 causis

262 2505 426 2590 ambiguis
448 2507 572 2572 recurri
602 2505 768 2593 precepit:
804 2506 986 2576 huiusmodi
1017 2513 1126 2574 eutem
1156 2507 1189 2573 in
1221 2506 1386 2576 Christum

263 2615 423 2680 translato
440 2613 625 2680 sacerdotio
634 2663 645 2699 ,
670 2615 742 2682 eius
757 2613 920 2698 vicarius,
938 2616 1102 2682 Romanus
1119 2615 1271 2682 Pontifex
1285 2615 1386 2690 Petri-

264 2741 327 2805 que
343 2740 535 2808 successor,
551 2724 650 2790 multo
667 2725 842 2806 maiorem,
869 2743 966 2808 quam
982 2725 1067 2810 legis
1083 2723 1203 2790 veteris
1219 2721 1386 2809 sacerdos,

262 2829 414 2896 obtinens
430 2836 639 2916 potestatem,
651 2829 792 2900 ‘delatas
808 2831 852 2898 ad
868 2834 975 2916 ipsum
991 2851 1012 2898 a
1026 2830 1143 2898 finibus
1159 2837 1245 2896 terre
1260 2833 1386 2898 consul-

262 2939 406 3006 tationes
423 2945 456 3004 et
472 2939 595 3025 iurgia,
612 2941 660 3006 sic
676 2959 734 3007 sue
749 2939 911 3006 sententie
927 2938 1126 3007 diffinicione
1142 2938 1282 3023 decidit,
1299 2927 1386 3024 quod

263 3051 296 3112 et
309 3043 515 3132 presentibus
531 3047 645 3113 litibus
660 3045 734 3113 linis
750 3047 935 3134 imponitur,
952 3053 985 3118 et
1001 3047 1078 3131 quid
1088 3049 1121 3114 in
1132 3047 1249 3115 suturis
1265 3047 1385 3114 debeat

264 3154 389 3223 serrari
405 3152 564 3240 negotiis,
581 3155 722 3241 posteris
739 3155 935 3223 declaratur.
968 3158 1068 3224 Porro
1078 3205 1087 3240 ,
1114 3155 1192 3239 qnia
1212 3153 1386 3222 sueceden-

264 3259 343 3329 tium
359 3263 541 3329 varietstes
557 3269 738 3348 temporum
755 3261 954 3331 diversorum
970 3263 1134 3330 novitates
1159 3280 1293 3330 casuum
1309 3281 1386 3328 non·

264 3389 428 3454 nunquam
452 3370 602 3456 pariunt,
629 3391 691 3455 que
716 3369 761 3438 ad
785 3372 966 3438 solvendas
991 3391 1122 3438 suorum
1138 3369 1385 3454 perplexitates,

264 3497 403 3545 nexuum
420 3483 590 3546 multorum
607 3479 800 3563 prudentum
816 3477 954 3571 consilia
967 3479 1130 3562 exquisita
1140 3479 1317 3562 requirunt,
1328 3495 1387 3562 per

264 3583 490 3670 Apostolicam
514 3587 633 3654 Sedem
658 3587 828 3654 orthodoxi
853 3593 966 3673 patres
998 3591 1184 3652 statuerunt
1210 3581 1388 3650 ¹consoceri

265 3691 425 3775 eoncilia,
450 3693 484 3756 in
510 3693 627 3776 quibus
651 3695 775 3761 salubri
800 3695 939 3782 formetur
964 3693 1100 3760 consilio
1116 3690 1281 3760 sententia
1295 3689 1388 3756 firma

265 3795 478 3887 dissolveret,
496 3801 657 3894 ¹quioquid
680 3801 883 3870 difficultatis
899 3804 1002 3870 nodus
1029 3801 1207 3885 questionis
1223 3800 1390 3886 preposite

265 3905 458 3975 contineret.
477 3905 527 3976 Ob
545 3908 607 3976 boc
623 3909 752 3993 quidem
769 3928 870 3995 nuper
886 3909 1143 3994 considerantes,
1163 3909 1249 3991 quod
1264 3907 1388 3973 instan-

265 4014 308 4082 tis
324 4013 453 4080 malitia
471 4016 625 4102 temporis
641 4017 782 4101 negotiis
797 4016 936 4083 diversis
953 4023 986 4083 et
1001 4015 1115 4084 arduis
1131 4035 1195 4082 uon
1209 4013 1314 4080 solum
1325 4014 1388 4079 Ro·
1419 4096 1421 4100 .

266 4141 408 4206 menam,
424 4141 535 4190 verum
550 4122 649 4190 etium
665 4123 887 4192 universalem
898 4125 991 4207 angit
1001 4123 1200 4206 Ecclesiam
1216 4127 1249 4188 et
1259 4121 1390 4206 cupien-

266 4239 317 4297 tes
332 4229 365 4296 in
381 4227 445 4296 hiis
461 4228 523 4296 sub
538 4247 579 4296 ee
594 4231 801 4315 providentie
817 4239 849 4298 et
864 4231 1060 4298 discretione
1076 4228 1276 4316 procedere,
1302 4228 1391 4312 quod

267 4341 301 4406 et
315 4337 390 4422 ipsu
404 4335 539 4424 negotiu
554 4343 701 4422 optatum
712 4387 721 4422 ,
746 4345 880 4404 auctore
896 4339 983 4419 Deo,
1012 4337 1108 4404 linem
1135 4335 1333 4423 suscipiunt,
1359 4340 1393 4402 et

267 4433 385 4513 exinde
410 4445 512 4514 bonor
536 4445 686 4514 Ecclesie
709 4435 874 4530 generali,
901 4451 933 4514 et
958 4446 1048 4514 salus
1064 4445 1187 4531 populo
1203 4441 1390 4512 Christiano

269 4559 487 4654 consurgent3
515 4555 732 4623 Serenitetem
747 4553 887 4639 Regiam
902 4552 1102 4640 Apostolicis
1118 4553 1323 4622 exoravimus
1340 4549 1392 4615 lit-
