3140 5044
640 259 799 370 2⁶1„

82 436 86 445 ¹
163 459 249 527 inter
260 459 423 527 Abbatem
435 459 549 526 Sancti
557 459 688 526 Martini
706 460 748 527 de
764 459 866 528 Sacro
877 460 986 526 Monte
996 459 1210 526 Pannoniest
1227 454 1281 524 ud-

163 567 316 634 uornicos
333 573 462 634 nostros
479 567 521 633 de
546 567 738 654 Hygmogos
754 574 788 634 et
803 568 999 635 uduornicos
1015 565 1056 633 de
1071 567 1164 634 Kenu
1181 584 1278 651 super

165 675 260 742 terris
285 675 412 760 questio
437 681 527 743 esset
551 683 642 762 orta,
666 677 840 745 asserebat
865 675 951 744 enim
977 673 1091 742 Abbas
1106 671 1282 758 predictus,

163 780 248 866 quod
264 782 383 868 prefati
398 783 568 852 uduorniei
584 785 626 851 de
642 782 835 869 Hygmogos
867 783 1060 849 auctoritate
1076 779 1211 868 propria
1227 798 1283 847 no-

163 909 225 957 uas
240 898 345 958 metas
371 910 469 977 super
492 891 607 973 terris,
635 910 718 974 quas
746 892 959 958 communiter
984 911 1056 960 oum
1071 890 1200 958 Abbate
1215 889 1282 956 iam

161 996 248 1063 dicto
274 998 448 1084 tenebant,
474 1004 508 1064 et
530 997 701 1064 uduorniei
728 1001 769 1066 de
785 1000 880 1067 Kezu
896 996 1070 1065 destructis
1087 997 1182 1064 metis
1197 1005 1283 1064 vete·

161 1103 251 1170 ribus
265 1124 368 1173 nouas
385 1111 489 1172 metas
515 1105 700 1172 erexissent
717 1106 751 1172 in
766 1107 871 1192 ipsius
887 1105 1102 1193 preiudicium
1118 1110 1150 1170 et
1166 1123 1284 1190 graua-

160 1230 244 1279 men.
261 1212 328 1278 Nos
346 1231 387 1296 ex
403 1214 505 1278 nostri
521 1212 690 1296 regiminis
707 1213 824 1290 officio,
848 1221 883 1279 vt
899 1214 1005 1280 omnis
1022 1215 1112 1281 inter
1129 1213 1219 1298 ipsos
1234 1233 1285 1280 so-

160 1321 286 1405 piretur
301 1321 438 1388 materia
464 1321 655 1406 questionis,
692 1323 884 1407 magistrum
901 1322 1121 1407 Smaragdum
1138 1321 1283 1388 Electum

161 1427 338 1494 Albensem
354 1429 429 1494 aule
445 1434 555 1494 nostre
572 1429 651 1494 Vice
679 1429 918 1497 cancellarium
934 1431 1090 1498 dilectum
1107 1434 1139 1496 et
1154 1427 1283 1496 fidetem

162 1540 307 1602 nostrum
322 1535 576 1620 transmisimus,
604 1542 639 1602 ut
654 1535 831 1620 inspiceret
846 1537 953 1606 dictas
969 1546 1087 1620 terras,
1105 1555 1201 1622 super
1217 1538 1283 1620 qui·

162 1644 224 1709 bus
241 1644 326 1709 inter
342 1643 431 1728 ipsos
457 1643 628 1708 contencio
656 1645 864 1729 vertebatur,
890 1653 923 1712 et
940 1646 1084 1730 ipsorum
1101 1649 1284 1711 controuer-

161 1751 242 1818 siam
259 1752 448 1818 terminaret
472 1752 588 1835 preuia
611 1753 754 1820 racione.
780 1754 841 1832 Qui
858 1754 903 1821 ad
917 1773 978 1820 nos
995 1771 1147 1820 reuersus
1162 1749 1285 1836 retulit,

162 1857 250 1943 quod
265 1856 381 1926 uicinis
407 1865 439 1924 et
467 1861 700 1928 commetaneis
718 1863 918 1946 conuocatis,
937 1868 970 1928 et
985 1860 1141 1946 inquisita
1158 1860 1200 1926 ab
1226 1859 1286 1926 eis-

161 1966 235 2032 dem
252 1965 448 2050 diligencins
464 1967 606 2033 ueritate
623 1972 741 2033 terram
762 1969 983 2054 prenominati
998 1966 1137 2035 Abbatis
1153 1987 1174 2032 a
1190 1967 1286 2034 terris

161 2074 411 2141 uduornicorum
436 2081 619 2141 nostrorum
636 2077 787 2162 superius
803 2078 867 2144 iam
897 2077 1058 2146 dictorum
1076 2075 1176 2142 certis
1192 2074 1287 2141 metis

159 2183 262 2250 aliter
288 2180 507 2248 distinxisset.
531 2181 641 2249 Prima
662 2189 752 2250 meta
773 2184 889 2268 incipit
915 2182 1169 2269 aFeredeuryg
1193 2182 1288 2250 iuxta

157 2298 273 2376 patum
288 2291 403 2374 Egrng
424 2310 446 2356 a
464 2296 560 2375 parte
577 2290 797 2375 meridionali,
824 2299 856 2358 et
871 2290 962 2358 uadit
989 2310 1093 2376 usque
1111 2287 1283 2376 longitudi-

158 2419 231 2466 nem
256 2399 351 2466 unius
377 2399 498 2482 ingeris
525 2417 640 2465 uersus
667 2406 807 2468 montem
827 2400 1038 2486 Hygmogos,
1071 2405 1103 2466 et
1132 2398 1178 2465 ibi
1208 2404 1286 2466 sunt

156 2505 219 2572 due
244 2513 330 2572 mete
355 2511 479 2588 terree,
516 2527 580 2573 una
619 2505 870 2576 uduornicorum
901 2530 923 2575 a
954 2512 1048 2594 parte
1079 2505 1284 2584 occidentali,

155 2613 263 2681 altera
298 2611 437 2678 Abbatis
472 2613 585 2680 Sancti
609 2614 742 2681 Martini
779 2634 800 2680 a
835 2622 932 2700 parte
961 2615 1079 2682 dextra
1110 2613 1280 2700 orientali,

154 2721 232 2788 inde
256 2722 458 2805 protenditur
492 2721 535 2790 ad
562 2723 712 2792 arborem
737 2726 849 2809 nucis,
885 2727 978 2792 iuxta
994 2743 1092 2810 quam
1117 2728 1192 2791 sunt
1220 2721 1283 2792 due

155 2835 241 2897 mete
257 2835 373 2914 terrae,
391 2851 456 2898 una
480 2830 729 2899 uduornicorum
754 2837 888 2918 aparte
903 2832 1038 2898 sinistra
1069 2829 1262 2896 occidentali
1272 2878 1282 2913 ,

155 2937 259 3003 altera
284 2936 424 3006 Abbatis
440 2958 461 3004 a
476 2943 570 3023 parte
595 2938 713 3005 dextra
729 2939 899 3023 orientali,
923 2938 1000 3005 inde
1023 2934 1114 3004 uadit
1129 2935 1282 3004 adoliam

157 3044 308 3111 arborem
338 3047 450 3130 nucis,
483 3047 575 3114 iuxta
602 3067 699 3133 quam
731 3056 807 3116 sunt
838 3049 942 3116 eoiam
967 3047 1030 3113 due
1055 3053 1141 3113 mete
1166 3053 1283 3125 terrea,

155 3169 220 3217 una
235 3157 322 3218 meta
339 3151 519 3220 circumdat
545 3155 653 3240 ipsam
680 3155 831 3222 arborem
857 3153 961 3238 nucis,
978 3154 1047 3221 alia
1070 3161 1159 3221 meta
1173 3159 1283 3220 terrea

158 3265 210 3325 ert
225 3260 318 3328 iuxta
348 3261 456 3347 ipsam
487 3263 640 3330 arborem
672 3265 767 3332 nucis
784 3283 805 3328 a
822 3269 916 3349 parte
948 3262 1083 3328 sinistra
1114 3259 1282 3344 orientali,

156 3366 233 3434 iude
256 3367 346 3436 uadit
369 3369 414 3435 ad
439 3391 593 3456 magnam
609 3372 716 3454 mam,
744 3372 838 3437 iuxta
870 3389 966 3454 quam
997 3377 1074 3438 sunt
1104 3369 1169 3436 due
1198 3373 1284 3434 mete

156 3483 277 3560 terree3
326 3483 359 3542 et
390 3475 507 3545 exinde
546 3479 767 3563 pertransiens
809 3478 897 3545 dam
931 3475 1079 3546 ascendit
1107 3473 1159 3561 fad
1185 3495 1283 3544 uuum

156 3581 376 3668 monticulum,
402 3584 458 3669 qui
484 3583 575 3648 borch
591 3584 800 3670 nominatur,
833 3605 932 3672 super
947 3603 1012 3668 quo
1028 3592 1103 3652 sunt
1118 3585 1183 3652 due
1198 3591 1282 3654 mete

156 3695 282 3784 terres,
325 3711 390 3758 una
424 3689 674 3759 uduornicorum
709 3711 730 3758 a
763 3697 859 3777 parte
893 3691 1027 3759 sinistra
1067 3691 1280 3776 occidentali,

155 3796 262 3860 altera
300 3795 440 3864 Abbatis
465 3819 487 3864 a
513 3804 608 3882 parte
634 3797 752 3864 dextra
787 3798 956 3884 orientaii;
995 3798 1115 3868 deinde
1145 3801 1280 3870 descen·

153 3900 201 3968 dit
217 3900 261 3967 ad
276 3903 441 3984 quandam
458 3905 599 3981 uallem,
639 3905 694 3971 ubi
712 3911 788 3974 sunt
818 3906 882 3973 due
899 3912 987 3973 mete
1016 3913 1139 3993 terres;
1163 3907 1282 3978 deinde

154 4009 303 4075 aseendit
319 4014 468 4078 adunum
488 4012 589 4098 dact,
607 4013 663 4096 qui
681 4015 778 4100 vulgo
789 4009 1012 4100 Bregeteuhig
1023 4023 1168 4103 vocatur,
1185 4035 1282 4102 super

154 4135 217 4197 quo
234 4123 309 4184 sunt
336 4117 399 4184 due
424 4127 510 4186 mete
539 4127 651 4190 terroe
670 4145 677 4206 3
702 4107 821 4187 deinde
838 4123 1042 4208 protenditur
1057 4123 1101 4190 ad
1118 4123 1281 4208 quandam

154 4242 289 4308 pyrum,
316 4244 413 4307 quam
432 4226 619 4294 circumdat
632 4235 726 4296 meta
741 4234 859 4314 terrea,
879 4235 911 4297 et
924 4232 993 4298 alia
1008 4239 1097 4299 meta
1111 4239 1217 4298 terrea
1233 4237 1284 4298 est

152 4329 242 4396 iuxta
257 4331 363 4418 ipsam
378 4351 497 4420 pyrum
513 4356 521 4418 ;
547 4333 627 4400 inde
644 4333 769 4402 directe
784 4337 988 4420 protenditur
1003 4339 1048 4406 ad
1058 4357 1154 4404 uuum
1170 4334 1279 4424 baed,

154 4439 210 4520 qui
228 4441 325 4524 uulgo
343 4437 551 4508 Humuronou
568 4439 696 4526 dicitur,
714 4449 747 4509 et
761 4441 808 4507 ibi
818 4449 893 4508 sunt
903 4445 966 4511 due
981 4455 1069 4510 mete
1085 4451 1199 4530 terres,
1216 4464 1281 4511 una

157 4540 406 4614 uduornicorum
424 4566 445 4614 a
460 4555 557 4634 parte
584 4549 717 4617 sinistra
744 4547 958 4632 occidentali,
983 4551 1089 4618 altera
1104 4549 1281 4618 Abbatisa
