3140 5044
284 979 462 1071 Ampor
475 981 631 1071 mpero„
646 984 723 1050 orec
738 981 930 1050 ommno
944 992 1008 1048 rm
1022 984 1223 1070 mayor
1239 959 1338 1050 rese

335 1162 521 1248 capitulum
535 1161 684 1230 Ecclesie
693 1163 927 1248 ngrsbieusis
946 1169 1007 1228 etc
1022 1162 1117 1241 Quod
1132 1161 1316 1240 constitutis
1331 1163 1364 1227 in

247 1275 360 1337 nonin
371 1269 545 1356 presencia
568 1270 790 1355 sbuuupsrte
800 1266 1276 1352 idsrtiu,Poudsetbinrtuuus
1293 1266 1369 1336 tiliis

247 1377 389 1462 Drsgos,
412 1377 526 1461 incon,
550 1375 730 1462 Stcpbkou,
746 1376 847 1443 iscus
863 1383 896 1440 et
906 1375 1051 1442 Gordius
1062 1373 1139 1442 tiliis
1148 1374 1320 1458 Predisiui,
1335 1383 1369 1441 et

248 1482 293 1550 ub
302 1483 573 1568 ultoremsgistro
583 1481 773 1569 Stepbkoue
782 1480 849 1548 filio
861 1481 996 1549 liuberti
1006 1480 1142 1550 Comitis
1152 1480 1272 1548 herede
1282 1483 1367 1550 biur-

247 1591 309 1676 tiu,
324 1599 359 1658 et
374 1593 494 1660 ceteris
519 1591 561 1658 de
576 1600 671 1680 purte
697 1611 758 1659 sus
775 1593 915 1658 annexis
939 1592 1097 1676 superius,
1123 1592 1364 1684 possessionem

248 1699 391 1786 ipsorum
416 1697 601 1768 Obcmctuu
640 1707 794 1769 vocatum
819 1701 914 1766 metis
944 1698 1161 1786 infrascriptis
1177 1719 1367 1785 expressam

250 1825 323 1876 cum
340 1805 490 1876 omuibus
505 1809 704 1875 utilitatibus
719 1816 754 1874 et
767 1807 980 1894 pertinenciis
995 1808 1065 1874 suis
1080 1805 1316 1876 confessisunt
1331 1827 1369 1874 se

248 1911 354 1983 cidem
378 1915 533 2000 magistro
557 1915 738 2002 Siepbkoni
773 1924 807 1983 ct
823 1935 883 2002 per
897 1935 972 1983 eum
997 1919 1067 1984 suis
1092 1915 1265 1983 heredibus
1279 1914 1370 1981 bere-

248 2021 391 2106 dumque
415 2023 664 2092 successcribus
689 2023 765 2108 jure
789 2029 949 2109 perpetuo
980 2023 1169 2090 vendidisse
1194 2043 1253 2108 pro
1269 2043 1369 2089 uonn-

248 2128 342 2215 giutu
356 2130 476 2198 mercis
491 2129 720 2214 deustiorum,
745 2151 827 2216 quos
844 2149 880 2198 sc
896 2131 1051 2197 dixerunt
1066 2132 1109 2196 ub
1125 2129 1198 2216 ipso
1214 2133 1370 2214 megistus

248 2235 441 2324 Stepbkoue
464 2237 563 2325 plene
586 2239 770 2325 recepisse,
802 2239 989 2324 obligantes
1008 2257 1045 2306 se
1060 2238 1104 2304 ud
1128 2237 1369 2323 expediendum

248 2351 283 2412 et
298 2343 511 2412 evincendum
526 2347 633 2432 ipsum
642 2345 866 2414 vendicionem
877 2347 1007 2433 prefato
1016 2346 1174 2431 magistro
1185 2345 1367 2430 Stopbiroui

250 2457 283 2519 et
299 2452 369 2518 suis
384 2451 562 2520 heredibus
577 2454 620 2521 ub
636 2454 794 2536 omnibus,
812 2455 868 2537 qui
883 2455 975 2540 ipsos
1006 2461 1140 2520 eotenus
1164 2451 1370 2520 intenderent

250 2559 411 2644 impetere
426 2559 479 2626 rel
504 2559 604 2626 etism
619 2562 806 2628 molestare.
833 2561 1019 2629 Astiterunt
1043 2561 1148 2627 eciem
1164 2565 1226 2626 etc
1243 2556 1370 2646 (kbveb

250 2665 352 2732 keuik
371 2665 413 2734 15
437 2661 526 2754 ude),
543 2667 599 2751 qui
621 2669 850 2736 vendicionem
866 2669 987 2737 iactum
1005 2686 1167 2736 consensu
1191 2687 1250 2734 suo
1266 2665 1366 2732 retifi-

255 2779 369 2840 cuntes
399 2773 470 2848 sinc¹
500 2773 763 2842 coutrcdiccione
780 2777 892 2860 ulique
921 2775 1133 2844 admiserunt
1157 2773 1259 2859 cnjus
1283 2779 1369 2840 terre

252 2880 358 2966 primu
374 2887 473 2968 mets,
490 2881 574 2949 sicut
598 2883 694 2950 nobis
719 2891 832 2970 partes
847 2885 1028 2952 retulerunt
1042 2882 1156 2970 incipit
1172 2881 1234 2950 ieie.
1251 2889 1312 2949 etc.
1329 2880 1367 2948 In

249 2986 341 3054 cuius
365 2988 446 3056 fecti
470 2990 568 3059 robur
594 2997 655 3058 etc.
679 2993 799 3058 Datum
814 2993 848 3058 in
864 2993 970 3060 medio
994 2990 1256 3075 Quudrcgesimo
1281 3007 1368 3055 nuno

253 3089 384 3162 Domini
401 3095 600 3166 Mtccw
614 3097 735 3184 quinto.

554 3271 644 3345 (xvi.
661 3273 776 3332 sudsedi
789 3272 893 3330 biteIes
906 3271 1064 3345 dtirstbdl.)

678 3497 923 3508 ——-—-—--—
