3154 5030
660 828 769 907 ,aa
898 811 949 832 ”

182 1007 240 1076 ΙΧ.
251 989 386 1096 Gerpciy
396 1008 488 1094 μόρα
498 1001 635 1072 deman
650 1015 793 1093 motam,
819 1029 840 1073 a
858 1010 1030 1096 casprino
1039 1011 1175 1098 puapbler‘
1189 1057 1191 1062 -
1203 1033 1306 1104 mappa

319 1118 449 1204 peppo,
465 1116 675 1204 cooperor
689 1116 1164 1205 enneadecaeteridem.
1276 1169 1278 1174 .

224 1305 226 1310 “
266 1321 271 1332 ·
287 1293 465 1380 Gregorius
476 1293 658 1380 Episcopus
671 1298 732 1362 etc.
749 1293 934 1364 venerabili
950 1296 1045 1366 fratri
1060 1345 1070 1365 .
1087 1349 1096 1366 .
1113 1347 1122 1365 .
1139 1299 1304 1387 Episcopo

181 1387 416 1488 vesprimiensi
429 1403 581 1470 ‘salutem
604 1409 666 1469 etc.
705 1400 855 1471 Dilectus
879 1402 965 1473 lilius
988 1403 1146 1491 Magister
1171 1406 1305 1474 Germa-

180 1527 261 1594 nus,
287 1509 423 1576 clericus
445 1516 501 1578 tue
523 1509 692 1594 Dioceais,
716 1509 760 1575 'in
783 1517 896 1579 nostra
917 1513 1111 1581 constitutus
1134 1497 1307 1600 presencia

180 1617 275 1686 nobis
291 1617 455 1687 humiliter
474 1615 681 1705 supplicavit,
705 1623 740 1684 ut
764 1636 835 1685 cum
860 1639 960 1704 super
982 1619 1114 1688 deiectu
1137 1621 1306 1709 natalium,

182 1743 277 1808 quem
299 1727 431 1813 patitur,
456 1725 497 1793 de
520 1727 626 1812 soluto
652 1727 781 1811 genitus
798 1733 832 1792 ct
847 1728 957 1795 soluta
973 1748 1046 1795 cum
1065 1729 1138 1816 ipsc
1159 1730 1202 1796 dc
1217 1751 1307 1798 man-

131 1845 133 1848 ’
182 1834 260 1902 dato
284 1840 416 1918 nostro,
448 1834 535 1920 quod
559 1837 592 1902 in
617 1834 791 1922 susceptis·
805 1835 972 1922 ordinibus
997 1837 1183 1906 ministrare
1213 1845 1246 1906 ct
1271 1839 1306 1904 in

179 1942 408 2030 presbyterum
422 1943 606 2030 promoveri
622 1944 744 2028 possit,
760 1941 846 2009 sicut
861 1943 1003 2027 asserit,
1026 1943 1159 2012 duxeris
1176 1943 1308 2030 dispen-

166 2039 337 2136 sandum,
363 2050 450 2135 quod
474 2051 733 2118 ecclesiasticum
757 2049 949 2118 beneficium
967 2071 1077 2120 curam
1093 2051 1221 2120 habens
1238 2052 1307 2119 ani-

81 2241 85 2248 ,
182 2177 306 2248 merum
322 2178 485 2226 annexam
501 2161 646 2254 recipere
662 2159 775 2225 valeat
783 2207 792 2242 ‚
819 2157 1013 2250 dispensare
1038 2177 1111 2227 cnm
1128 2179 1166 2227 co
1182 2157 1307 2226 miscri-

183 2267 325 2335 co'rditcr
340 2286 538 2334 curaremus.
556 2268 609 2334 De
624 2273 682 2338 tua
697 2259 811 2350 itaque
827 2265 1025 2336 discretione
1041 2269 1175 2354 plenam
1191 2265 1225 2334 in
1236 2265 1308 2360 Dec

182 2371 335 2444 fiduciam
350 2374 534 2443 obtinentes
544 2374 748 2461 mandamus,
766 2381 927 2459 quatenus
938 2376 1153 2444 consideratis
1169 2374 1308 2459 diligen·

183 2489 233 2550 ter
248 2483 504 2552 circumstantiis
519 2483 703 2568 universis,
729 2501 792 2565 que
817 2485 905 2551 circa
929 2481 1143 2552 idoneitatem
1168 2500 1310 2568 persone

184 2585 288 2677 ipsius
304 2590 424 2662 inerim
439 2590 649 2673 attendende,
666 2590 895 2676 disponeris,
913 2592 999 2676 quod
1015 2592 1058 2659 sit
1073 2592 1160 2659 bone
1176 2609 1309 2656 conver·

186 2699 322 2768 sationis
346 2706 379 2767 ct
402 2700 490 2785 vite,
514 2699 663 2782 aliasque
687 2697 751 2766 sibi
771 2697 889 2766 merita
904 2698 1121 2785 suffragentur
1137 2694 1182 2763 ad
1197 2696 1310 2782 hujus

185 2808 274 2877 modi
289 2807 428 2896 gratiam
445 2805 665 2890 obtinendam,
684 2825 756 2878 cum
772 2825 822 2891 co,
839 2806 880 2873 de
899 2807 993 2892 cujus
1012 2803 1310 2875 litterarumscicn·

185 2919 233 2985 tia
248 2925 282 2984 et
295 2918 468 2987 honestate
484 2935 609 2984 morum
624 2915 792 2985 laudabile
808 2897 905 2984 nobis
921 2916 1143 2985 testimonium
1158 2913 1309 3002 perhibe·

172 3024 255 3112 tur,
281 3045 379 3112 super
402 3025 466 3094 hoo
490 3023 683 3112 dispensare
699 3044 873 3111 procures,
901 3031 995 3114 prout
1010 3023 1188 3092 secundum
1203 3021 1310 3089 Deum

186 3135 295 3202 anime
311 3153 370 3203 sue
383 3134 482 3202 saluti
496 3131 618 3202 videris
634 3129 801 3219 expedire.
833 3131 952 3203 Datum
979 3133 1136 3203 Laterani
1162 3129 1222 3197 111.
1241 3129 1309 3195 kal.

185 3240 275 3310 Junii
289 3237 513 3328 (Pontificatus
528 3239 645 3330 nostri)
661 3261 748 3311 anno
764 3241 836 3311 XV.
1302 3253 1304 3256 ’

283 3395 774 3494 (1X.Gergelypdpacheatdibdl
787 3418 912 3478 Thsinar
923 3417 962 3475 id.
974 3434 1011 3474 m.
1025 3416 1048 3475 1.
1060 3418 1090 3472 k.
1103 3414 1165 3470 188.
1178 3411 1211 3482 L)

635 3679 882 3691 ...η-Μ.-
