3154 5038
226 952 246 1017 1
251 951 286 1018 V.
302 949 393 1016 lucca
416 951 510 1038 pdpo
527 967 548 1010 α
563 947 706 1013 kaloasoo'
722 948 753 1012 ds
762 947 854 1034 persi
867 947 1004 1036 ptlapdira'
1017 949 1143 1036 osaqydk
1159 949 1244 1014 icdzti
1258 949 1348 1018 toro-

541 1055 601 1120 rok
616 1057 704 1120 irdot
720 1055 906 1122 iurakedik.
924 1056 1021 1122 1247.

333 1235 544 1304 Innocentius
569 1235 754 1322 Episcopus
780 1243 841 1302 otc.
868 1233 990 1301 dilictis
1016 1233 1093 1302 filiis
1205 1239 1248 1308 do
1263 1239 1350 1308 Palis

226 1343 465 1426 cisterciensis,
483 1350 517 1409 et
533 1392 539 1406 .
557 1391 565 1408 .
583 1393 591 1410 .
619 1345 734 1410 Sancti
750 1341 893 1426 Martini,
912 1349 945 1409 et
962 1391 970 1408 .
988 1391 996 1409 .
1014 1393 1020 1407 .
1038 1343 1152 1411 Sancti
1162 1345 1295 1432 Georgii
1310 1346 1352 1416 de

226 1453 322 1520 domo
333 1451 447 1520 Sancti
457 1450 625 1518 Benedicti
636 1449 792 1518 Ordinum
804 1451 989 1518 Abbatibus
1000 1449 1261 1538 vesprimiensis,
1272 1455 1350 1522 Jau-

226 1562 344 1630 niensis
360 1567 393 1626 et
409 1559 599 1626 (iciacensis
624 1557 811 1626 Diocesium
822 1609 830 1642 ,
857 1561 997 1626 salntem
1024 1568 1084 1626 etc.
1114 1559 1194 1627 Cum
1210 1563 1294 1629 sicut
1308 1583 1350 1630 ex

226 1677 323 1758 parto
339 1667 540 1735 uenerabilis
556 1666 667 1732 fratris
695 1669 800 1734 nostri
818 1717 824 1730 .
844 1716 852 1732 .
870 1716 877 1731 .
893 1666 1141 1754 Archiepiscopi
1157 1669 1350 1758 Colooensis

227 1779 290 1847 suit
305 1775 506 1864 propositum
540 1795 649 1843 coram
666 1775 761 1842 nobis
771 1826 780 1862 ‚
813 1775 1003 1845 colocensis
1030 1777 1183 1845 Diocesis
1199 1797 1240 1845 cx
1257 1785 1351 1866 parte

227 1887 380 1956 Diocosis
396 1885 757 1968 Quinqneecolasiensis
767 1936 776 1970 ‚
804 1885 856 1951 oni
873 1893 923 1952 cst
938 1885 1125 1971 contingas,
1144 1907 1206 1954 non
1223 1887 1348 1954 habeat

227 1993 438 2078 corrosores,
455 2014 494 2062 ao
505 2001 638 2080 propter
648 1995 709 2062 hoc
719 1995 802 2061 inter
817 1994 924 2080 ipsum
936 1993 1199 2060 atvenerabilcm
1215 1993 1350 2063 fratrem

227 2111 372 2172 nostrum
391 2151 398 2168 .
416 2151 424 2168 .
442 2101 665 2188 Episcopum
691 2101 1059 2186 Quinquceolesiensom
1085 2119 1166 2185 sepe
1182 2103 1350 2188 contingat

227 2230 346 2296 graves
372 2207 553 2276 discordias
588 2209 728 2294 exoriri,
761 2207 950 2276 discretioni
979 2217 1088 2276 vestre
1114 2211 1155 2277 de
1180 2211 1350 2293 utriusque

227 2319 333 2406 portis
357 2323 603 2402 procuratorum
629 2335 768 2382 assensn
795 2335 855 2402 per
871 2315 1061 2402 Apostolioa
1077 2317 1199 2403 scripta
1214 2315 1348 2386 manda·
1474 2309 1479 2314 ’

227 2443 310 2512 mus,
326 2424 479 2509 quatinus
495 2425 695 2508 inquirentes
706 2443 803 2510 snper
819 2425 880 2492 hoo
891 2425 1041 2511 deplano
1052 2426 1124 2492 sine
1141 2427 1253 2492 iudicii
1269 2441 1348 2493 stre·

227 2531 299 2622 pitu
322 2511 527 2617 'diligencius
557 2533 741 2616 veritatem,
767 2532 796 2598 si
813 2531 947 2599 easdem
965 2533 1127 2601 Diocescs
1158 2533 1350 2601 inveneritis

228 2640 333 2708 fuisso
349 2641 462 2724 atiquo
478 2647 623 2724 tempore
639 2638 809 2722 limitatas,
827 2637 992 2723 predictos
1010 2639 1299 2726 Archiepisoopum
1316 2651 1349 2710 et

228 2748 427 2836 Episcopum
452 2747 594 2831 antiquis
621 2746 768 2813 terminis
789 2745 920 2814 faciatis
939 2748 1135 2815 auctoritate
1151 2758 1266 2816 nostra
1283 2770 1350 2817 ma-

228 2876 306 2925 nare
321 2863 512 2940 contentos,
545 2875 585 2922 oc
600 2855 723 2940 redigi,
747 2855 834 2940 quod
859 2855 936 2922 inde
952 2856 1116 2940 feceritis,
1134 2857 1168 2922 in
1183 2857 1349 2943 pubiicum

228 2966 485 3035 instrumentum.
501 2965 652 3050 Alioquin
663 2963 795 3032 easdem
806 2964 975 3046 Dioreses,
989 2974 1084 3052 prout
1093 2967 1262 3050 utriusque
1279 2985 1351 3050 par·

228 3075 338 3142 tisino
370 3075 533 3161 exegerit,
557 3075 610 3140 vel
626 3073 782 3159 expedire
806 3073 972 3160 videritis,
997 3073 1152 3140 limitetis:
1178 3057 1346 3140 contradi-

230 3190 339 3252 ctores
364 3185 558 3250 anctoritate
574 3189 687 3249 nostra
697 3189 756 3248 etc.
783 3180 879 3262 Quod
894 3183 924 3248 si
939 3201 1004 3250 non
1021 3201 1132 3250 omnes
1149 3187 1212 3248 otc.
1228 3181 1350 3248 Datum

229 3292 379 3378 Lugduni
395 3291 432 3358 V.
449 3291 517 3360 kal.
533 3288 682 3360 Octobris
699 3287 924 3375 (Pontificatns
941 3287 1058 3377 nostri)
1075 3310 1163 3358 anno
1180 3290 1219 3357 V.

332 3448 393 3522 (Ν.
405 3451 487 3510 Inuus
500 3448 577 3524 pdpa
589 3448 785 3523 Ragsstdide‚
807 3448 934 3506 Thainer
946 3449 984 3505 id.
998 3465 1035 3504 m.
1048 3448 1071 3507 Ι.
1083 3447 1111 3503 ir.
1126 3449 1187 3504 205.
1201 3447 1233 3520 l.)

659 3747 921 3760 „un—..un—-n
