3184 5064
203 1300 311 1364 rave„
335 1297 441 1387 praru
466 1298 575 1388 ernau
600 1299 781 1388 usqueque
805 1283 1037 1390 aecneaque«
1061 1327 1082 1370 a
1102 1306 1333 1394 palmum·

599 1411 808 1496 aporema.
828 1411 926 1476 1260.

309 1583 499 1671 Stephanus
516 1584 579 1652 Dei
594 1587 712 1670 gracia
726 1588 797 1655 Rex
814 1588 1053 1674 primogenitus
1065 1591 1209 1660 Illustris
1226 1593 1326 1677 Regis

203 1695 373 1782 liungarie
388 1700 421 1762 et
436 1695 511 1764 Dux
529 1695 629 1764 Stirie
645 1695 796 1765 omnibus
812 1717 952 1784 presens
977 1699 1138 1784 scriptum
1163 1702 1331 1786 inspectu·

203 1805 250 1871 ris
267 1804 411 1872 salutem
426 1804 461 1870 in
472 1803 618 1871 omnium
628 1803 814 1871 Saluatore.
832 1803 918 1883 Quia
928 1805 1021 1874 facta
1031 1807 1218 1876 mortalium
1235 1827 1331 1876 cursu

204 1919 389 1999 temporum
404 1933 426 1980 a
440 1912 599 1981 memoria
614 1910 825 1993 delabuntur,
842 1911 1002 2000 expedire
1019 1915 1160 2001 ridetur,
1176 1922 1330 1983 utrorum

204 2028 371 2107 gestarum
403 2017 506 2086 series
537 2018 665 2086 uiuacis
695 2020 808 2087 littere
843 2022 1029 2104 patrocinio
1062 2023 1330 2110 perhempnetur.

204 2131 291 2197 Hine
316 2138 367 2196 est
390 2127 508 2211 igitur,
542 2125 629 2209 quod
653 2125 879 2196 universorum
904 2129 1025 2198 noticia
1050 2137 1166 2200 tenore
1195 2150 1331 2220 presen-

205 2239 291 2306 cium
306 2235 457 2305 volumus
471 2235 544 2302 fieri
559 2233 771 2302 manifestum
784 2287 794 2321 ,
819 2237 908 2320 quod
925 2237 1076 2306 dominus
1091 2239 1175 2307 Bela
1190 2225 1332 2309 illustria

204 2349 276 2414 Rex
292 2344 522 2429 ilungarorum
538 2341 739 2411 karissimus
754 2349 852 2430 pater
869 2351 993 2432 noster,
1016 2367 1137 2415 verens
1153 2349 1244 2415 mala
1259 2368 1332 2435 pre-

206 2455 317 2539 terite,
339 2471 403 2538 que
420 2453 491 2537 ipse
507 2469 580 2519 cum
597 2452 667 2528 suis
695 2452 851 2521 sustinuit
876 2455 920 2522 ab
941 2453 1145 2542 irrumpente
1169 2455 1244 2524 dira
1258 2454 1333 2523 bar·

206 2565 300 2633 baris
315 2563 540 2650 Tartaromm,
563 2559 703 2644 prouido
729 2561 869 2629 oonsilio
896 2563 1103 2632 dominorum
1128 2565 1182 2651 pie
1206 2565 1334 2650 prospi-

207 2674 296 2741 ciens
325 2672 452 2760 pariter
476 2676 510 2738 et
535 2687 678 2753 suorum,
710 2675 834 2753 castra,
867 2672 1071 2740 municiones
1098 2677 1132 2740 et
1158 2672 1333 2741 obstacula

207 2781 314 2848 edixit
329 2777 477 2847 edificari
493 2795 551 2862 per
567 2776 702 2861 singula
717 2783 750 2843 et
767 2778 924 2845 uniuersa
939 2779 1015 2847 loca
1031 2779 1145 2848 valida
1154 2781 1261 2865 Regni
1272 2781 1334 2848 sui.

207 2889 298 2958 Idem
314 2887 422 2956 eciam
437 2884 590 2952 dominus
606 2889 639 2951 et
653 2883 852 2951 karissimus
871 2891 969 2970 pater
994 2891 1109 2955 noster
1134 2885 1199 2973 pie,
1226 2895 1336 2973 puter·

209 2998 331 3064 naliter
354 3015 395 3062 ao
419 2991 583 3060 laudabili
607 2991 779 3076 proposito
807 3013 867 3061 nos
894 2993 1035 3082 induxit,
1061 2993 1150 3079 quod
1167 2995 1344 3078 quandam·

207 3103 352 3184 insulam
363 3102 395 3168 iu
406 3099 562 3168 Balatiuo
579 3091 785 3186 existentem,
796 3101 853 3169 sbi
863 3101 997 3186 quidam
1014 3123 1109 3172 mons
1124 3111 1222 3190 aptus
1236 3106 1337 3173 muni·

208 3214 295 3282 oioni
311 3217 372 3297 est,
396 3208 741 3306 llouasterioSaucti
767 3210 900 3278 Martini
926 3211 976 3305 de·
986 3213 1091 3279 Sacro
1122 3211 1235 3278 Monte
1252 3213 1336 3279 Pan-

208 3323 307 3390 nonio
339 3318 574 3389 conferremus.
599 3315 704 3395 Quum
722 3318 853 3402 quidem
882 3319 1025 3387 insulam
1041 3325 1191 3405 tempore
1220 3338 1336 3406 perpe-

208 3429 337 3499 tuitatis
362 3427 452 3514 Ogou
476 3427 589 3495 Barrus
613 3425 827 3514 possidebat;
852 3427 1062 3514 postmodum
1088 3428 1205 3496 eadem
1228 3429 1339 3495 insula

209 3559 268 3626 per
284 3535 451 3606 dominum
468 3537 591 3619 Regem
608 3533 821 3602 karissimum
852 3541 983 3620 putrem
1000 3541 1151 3602 nostrum
1178 3533 1335 3621 Kalyauo

211 3646 333 3714 comiti
364 3645 472 3711 Greco
504 3643 628 3710 collata
653 3641 812 3710 extiterat
843 3649 877 3709 ct
892 3643 1038 3728 douats3
1072 3641 1203 3710 demum
1230 3642 1336 3709 eciam

210 3757 285 3840 ipso
302 3753 410 3820 Greco
426 3750 536 3834 abque
552 3749 681 3819 solacio
702 3750 883 3819 liberorum
910 3749 1104 3836 decedente,
1135 3756 1170 3817 et
1194 3749 1338 3838 domita

211 3869 280 3929 tum
295 3859 528 3928 Zeladlensem
556 3857 653 3927 nobis
680 3857 723 3926 de
747 3859 864 3945 gracia
890 3857 1015 3926 domini
1040 3859 1142 3944 Regis
1169 3857 1340 3926 karissimi

211 3968 319 4056 patris
334 3957 439 4036 nostri
456 3965 658 4048 tenentibus,
684 3967 775 4035 dicta
789 3967 903 4034 insula
927 3967 973 4034 ad
999 3986 1116 4034 manus
1139 3971 1273 4034 nostras
1289 3985 1337 4032 se·

213 4077 355 4147 cundum
370 4074 478 4161 Regni
494 4075 765 4144 consuetudinem
795 4075 905 4141 extitit
921 4073 1087 4142 deuolute.
1119 4073 1340 4144 Consideran-

212 4193 264 4254 tos
280 4185 394 4267 itaque
409 4183 627 4252 iuducciones
643 4189 677 4248 et
693 4181 898 4250 municiones
914 4181 1037 4268 prefati
1053 4181 1178 4249 domini
1188 4185 1221 4249 et
1236 4179 1341 4265 patris

212 4291 318 4362 nostri
344 4291 516 4362 karissimi
541 4289 704 4375 salubres,
731 4296 765 4356 et
781 4288 943 4357 instinctu
968 4288 1083 4356 Diuiui
1105 4287 1249 4374 Spiritus
1266 4303 1342 4354 esse

213 4400 334 4486 lactas,
362 4399 578 4470 attendentes
595 4398 701 4467 eciem
728 4397 762 4466 iu
789 4397 864 4484 ipsa
889 4396 1074 4466 collacione
1098 4401 1133 4463 et
1157 4395 1271 4479 Regno
1286 4411 1342 4459 ac·

215 4527 365 4577 crescere
391 4517 424 4574 et
450 4508 576 4593 pariter
609 4505 811 4574 monasterio
837 4505 1043 4590 supradicto,
1059 4503 1166 4589 ipsam
1197 4500 1343 4569 insulam

216 4635 288 4683 curn
306 4617 419 4684 ssibus
437 4617 601 4700 omnibus,
626 4613 785 4683 videlicet
801 4631 875 4682 aum
893 4611 993 4696 villis,
1018 4611 1129 4764 ιίὶιὲίιιὲ
1153 4607 1270 4690 vineis,
1297 4606 1342 4674 le·
