3154 5038
659 305 818 406 -..²31-

178 503 331 569 mesoinm
348 502 445 568 nichil
463 502 594 587 penitus
609 503 817 588 persoluent,
833 507 866 568 et
889 503 932 568 de
947 521 1013 568 uno
1028 501 1111 568 vitto
1127 506 1240 568 nostru
1255 499 1299 568 od

178 608 298 694 oliam,
313 629 376 694 que
392 611 453 676 snb
469 610 586 677 eodem
603 611 754 677 libertato
770 617 822 677 est
836 609 1020 689 eonstitnta,
1042 615 1075 677 et
1097 607 1158 674 sub
1182 606 1299 678 eodem

177 717 302 784 Comito
317 715 360 783 od
375 715 484 784 'Purob
502 717 627 784 soilieet
636 767 645 802 ,
662 719 707 786 od
723 719 830 804 Lipto,
846 723 880 784 st
898 716 943 782 od
964 717 1079 783 Zolum
1094 720 1247 801 poterunt
1262 735 1300 784 se

175 823 354 890 transferre
363 873 372 907 ,
389 844 462 890 oum
478 823 629 891 omnibus
646 825 742 892 bonis
758 825 847 909 ouis,
865 821 1008 892 uenditis
1024 820 1194 907 hedificiis,
1214 822 1299 890 solu·

175 932 218 999 tie
234 931 405 1000 duodecim
421 933 567 1000 denariis
591 931 700 1000 villino
716 933 861 1020 ipsorum
877 951 937 1018 pro
953 937 1099 1015 tempore
1115 929 1299 996 eonstituto.

174 1043 254 1107 item
271 1040 304 1106 in
333 1039 416 1106 festo
442 1040 554 1109 Sancti
578 1038 707 1106 Martini
734 1041 865 1108 soluent
889 1037 953 1106 du'o
982 1038 1129 1123 pondero
1152 1035 1297 1123 ipsorum

174 1147 289 1214 domiti
306 1148 348 1215 de
373 1147 520 1232 quolibet
547 1148 725 1218 mansione.
754 1150 835 1214 Item
862 1147 903 1215 de
919 1148 1060 1234 singulis
1076 1144 1296 1230 quadraginta

174 1253 400 1322 mansionibus
416 1254 536 1322 debent
558 1255 637 1324 dore
662 1257 823 1342 pecudem
849 1255 1050 1340 pascualem,
1079 1249 1299 1339 qnadraginta
1398 1259 1403 1266 ·

174 1361 318 1445 gallinas
334 1367 367 1426 et
382 1361 499 1446 uiginti
516 1363 652 1430 cubulos
668 1384 773 1430 arene
789 1383 862 1430 oum
879 1363 996 1430 oubuio
1015 1367 1155 1444 quotuor
1170 1359 1294 1445 palma·

174 1489 245 1535 rum
271 1477 305 1536 et
320 1469 456 1536 duorum
473 1469 657 1554 digitorum,
675 1471 757 1538 siout
774 1479 825 1539 est
841 1471 874 1536 in
887 1469 995 1538 Turob
1011 1473 1044 1536 et
1059 1467 1094 1534 in
1111 1469 1228 1556 Lypto.
1245 1467 1297 1534 De

174 1576 312 1660 singuiis
330 1577 435 1642 eoiom
454 1575 675 1662 quadraginta
690 1578 915 1646 mansionibus
931 1579 1052 1646 debent
1062 1577 1189 1642 mittere
1199 1593 1296 1642 unum

173 1683 335 1750 bominem
364 1683 506 1768 equitem
531 1683 574 1750 sd
600 1685 779 1750 exereitum
803 1703 868 1750 una
887 1683 1068 1750 nobiseum.
1092 1684 1175 1750 Item
1193 1682 1233 1747 de
1249 1701 1297 1748 re-

177 1793 242 1859 bus
258 1790 435 1857 mobilibus
451 1789 641 1858 decedentis
657 1792 729 1858 sine
744 1790 865 1858 herede
890 1791 1008 1858 Comes
1033 1791 1175 1877 ipsorum
1199 1808 1297 1856 unum

173 1918 242 1965 rem
252 1949 262 1984 ,
286 1917 384 1982 quom
400 1901 548 1981 uoluerit,
567 1904 674 1983 preter
689 1919 821 1967 seruum
838 1908 870 1967 et
885 1899 1043 1967 oneiliam
1065 1899 1213 1986 resipere
1238 1917 1296 1982 po·

175 2007 252 2073 terit
267 2013 299 2072 et
315 2026 380 2072 non
397 2008 493 2074 uitro.
517 2009 596 2073 item
614 2008 757 2074 viltioum
773 2009 896 2091 eligent
912 2007 955 2074 de
980 2007 1140 2076 communi
1160 2024 1296 2074 eonsen-

173 2133 231 2198 su,
257 2112 312 2196 qui
335 2114 426 2202 ipsos
450 2112 606 2182 iudioobit
639 2115 672 2182 iu
688 2116 800 2182 causis
824 2115 870 2183 sd
894 2115 959 2183 duo
976 2117 1029 2182 vel
1054 2115 1118 2181 trio
1148 2113 1297 2202 pondere

171 2222 437 2290 aseendentibus.
471 2223 509 2286 In
541 2222 653 2290 oensis
687 2229 797 2291 autem
828 2222 943 2290 arduis
975 2241 1033 2290 eos
1064 2219 1180 2288 Gomon
1211 2221 1297 2306 ipso·

170 2348 239 2394 rum
270 2327 448 2412 iudicabit,
488 2336 520 2395 et
551 2326 616 2396 due
648 2337 761 2416 portes
793 2328 906 2396 iudieii
940 2326 1059 2394 eedent
1082 2325 1200 2412 iudioi,
1232 2333 1296 2394 ter-

172 2435 221 2502 nio
246 2455 324 2503 nero
348 2454 427 2522 pers
452 2435 564 2506 villico
594 2440 741 2524 ipsorum
771 2457 831 2524 pro
863 2441 1008 2523 tempore
1032 2436 1218 2502 constituto.
1257 2434 1295 2500 In

171 2561 272 2609 eausa
294 2561 373 2608 uero
396 2542 584 2627 homioidij,
608 2543 726 2614 Comiti
749 2563 893 2610 maneam
918 2545 999 2610 dore
1022 2541 1151 2625 debent,
1177 2547 1211 2608 et
1226 2541 1296 2610 leso

139 2675 143 2684 ·
171 2648 285 2716 decem
317 2669 447 2716 meroes
471 2653 602 2719 soluere
635 2653 842 2719 tenebuntur.
885 2651 963 2717 Alie
995 2655 1104 2715 eutem
1127 2647 1240 2717 debito
1263 2657 1296 2715 et

172 2763 206 2822 et
221 2757 372 2843 seruiois,
395 2759 480 2824 siout
496 2765 546 2823 est
568 2759 601 2824 in
625 2758 735 2826 Turob
758 2765 792 2826 et
814 2759 848 2824 in
872 2756 980 2842 Lypto
997 2763 1195 2838 consuetum,
1207 2774 1297 2822 exer·

171 2883 244 2930 oere
266 2865 470 2931 tenebuntur.
495 2865 538 2932 Vt
562 2865 661 2948 igitur
691 2865 750 2930 beo
782 2869 803 2931 b
827 2862 923 2930 nobis
951 2862 1042 2928 iaetu
1065 2863 1223 2944 libertus,
1245 2881 1296 2926 ro-

171 2972 233 3037 bur
249 2971 396 3057 optineat
411 2977 568 3056 perpetue
607 2969 771 3038 firmitatis
781 3020 791 3056 ,
815 2977 986 3056 presentes
1005 2968 1131 3037 eisdem
1147 2967 1296 3036 dedimus

171 3077 308 3160 litteras,
327 3078 467 3164 duplieis
488 3078 589 3164 sigilli
605 3079 708 3146 nostri
717 3078 1081 3146 muniminoroboratso.
1106 3079 1227 3146 Datum
1237 3097 1296 3164 per

169 3207 285 3254 munus
309 3186 458 3269 magistri
481 3187 668 3271 smaragdi,
686 3185 839 3255 Albensis
856 3187 1202 3271 Eeolesiefflrepositi,
1219 3186 1296 3253 sule

170 3301 281 3365 nostre
304 3295 574 3382 Vieeoonoesssry
591 3295 741 3363 etEieoti
764 3295 798 3360 iu
812 3293 1104 3382 Arohiepisoopnm
1134 3295 1291 3363 Golooeu·

169 3423 249 3485 sem,
269 3402 378 3469 dileoti
402 3409 435 3470 ot
457 3401 565 3471 fidelis
589 3401 701 3470 nostri.
726 3403 820 3469 Anno
844 3402 975 3469 Domini
998 3401 1172 3469 millesimo
1197 3400 1296 3479 0⁰0⁰,

121 3527 125 3538 ·
169 3511 222 3575 L⁰.
246 3511 335 3595 VII⁰,
367 3509 509 3578 seeundo
533 3509 612 3576 Idus
635 3509 742 3594 Junii,
769 3507 875 3592 Regni
891 3513 997 3576 eutem
1013 3508 1117 3576 nostri
1139 3529 1225 3576 anno
1249 3509 1302 3593 ui,

171 3617 293 3686 oesimo
317 3615 472 3686 seeundo.

277 3779 385 3849 erynot.
405 3777 539 3834 Enedotio
554 3773 719 3848 bb'rhirtyn,
745 3775 878 3848 melynek
893 3775 953 3831 niul
965 3775 1113 3848 iblbojtott
1124 3777 1294 3836 hsssddksi·

169 3867 218 3923 bol
238 3872 323 3922 vb'r'os
336 3867 366 3924 ds
379 3867 444 3922 nbid
456 3867 566 3922 sodrott
591 3865 745 3938 selyemrb'l
758 3883 830 3921 onon
851 3864 950 3939 pecsdt
975 3865 1094 3922 teredek
1115 3867 1194 3942 sugg,
1219 3870 1295 3942 mely

170 3957 247 4028 Proy
261 3956 317 4028 (De
332 3955 453 4028 Sigiliis.
466 3955 541 4010 Tob·
551 3955 588 4011 V.
600 3953 648 4025 fig.
664 3959 702 4020 2.)
717 3954 913 4026 muokdjdbsn
927 3954 992 4027 eleg
1014 3957 1111 4011 roszul
1132 3975 1188 4014 uon
1209 3959 1294 4030 lsraj-

169 4049 263 4103 noluo.
289 4043 741 4117 Mogyerorsndgbnnhdnomfdle
762 4045 866 4102 birtoki
887 4045 1033 4118 jogvolt:
1069 4047 1093 4101 1.
1120 4035 1295 4104 Ordkbirtok

167 4137 344 4204 (descensus,
352 4135 526 4204 haereditus,
541 4135 845 4206 allodiumfflredium),
857 4137 932 4207 mely
944 4153 1020 4209 νας]
1031 4136 1203 4208 osztdlybdl,
1217 4154 1296 4207 vngy

167 4225 270 4297 kirttyi
286 4223 493 4298 odomtnybot,
508 4243 584 4296 vogy
598 4243 616 4280 o
628 4223 750 4296 tbrvdny
763 4223 959 4281 rendeletebdi
971 4227 1090 4284 eredett.
1111 4229 1136 4280 2.
1149 4205 1294 4295 dgbtrtok

167 4315 381 4387 (perpetuitas),
395 4331 472 4385 vsgy
485 4314 607 4386 ogyedtii
621 4311 760 4369 sielkdrb
773 4313 888 4370 utddirs
900 4315 1031 4373 snoritott
1042 4316 1146 4372 birtok.
1170 4315 1196 4368 8.
1221 4311 1289 4370 uer-

165 4403 262 4460 birtok
275 4404 421 4476 (feudum,
441 4405 565 4471 suendo,
579 4399 782 4472 ususfructus).
808 4401 836 4458 A
861 4419 986 4477 mogysr
1009 4403 1125 4460 tendum
1146 4419 1211 4459 nem
1232 4404 1295 4463 volt

167 4491 241 4550 sobo
252 4494 353 4552 hibor.
366 4494 552 4567 (Atheneum.
566 4491 646 4550 18³7.
666 4493 690 4546 4.
705 4491 728 4546 Ι.
742 4490 829 4550 feles.
856 4492 900 4549 dd.
914 4512 955 4550 ss.
969 4489 1152 4566 ott-3442.)

398 4623 426 4686 Δ
439 4622 546 4684 kttkdi
558 4619 749 4686 develtdrbsu.
761 4621 846 4680 Fue.
860 4621 896 4676 A.
909 4623 934 4680 d.
948 4609 1043 4690 My.)
