<?xml version="1.0" encoding="UTF-8"?>
<!DOCTYPE html PUBLIC "-//W3C//DTD XHTML 1.0 Transitional//EN"
    "http://www.w3.org/TR/xhtml1/DTD/xhtml1-transitional.dtd">
<html xmlns="http://www.w3.org/1999/xhtml" xml:lang="en" lang="en">
 <head>
  <title>
</title>
<meta http-equiv="Content-Type" content="text/html;charset=utf-8" />
  <meta name='ocr-system' content='tesseract 3.04.00' />
  <meta name='ocr-capabilities' content='ocr_page ocr_carea ocr_par ocr_line ocrx_word'/>
</head>
<body>
  <div class='ocr_page' id='page_1' title='image "./codexdiplomatic11wenzgoog_0338.png"; bbox 0 0 3184 5064; ppageno 0'>
   <div class='ocr_carea' id='block_1_1' title="bbox 682 285 839 387">
    <p class='ocr_par' dir='ltr' id='par_1_1' title="bbox 682 285 839 387">
     <span class='ocr_line' id='line_1_1' title="bbox 682 285 839 387; baseline -0.013 -34"><span class='ocrx_word' id='word_1_1' title='bbox 682 285 839 387; x_wconf 50' lang='lat' dir='ltr'><strong>grs-</strong></span> 
     </span>
    </p>
   </div>
   <div class='ocr_carea' id='block_1_2' title="bbox 111 477 1329 4243">
    <p class='ocr_par' dir='ltr' id='par_1_2' title="bbox 111 477 1329 3050">
     <span class='ocr_line' id='line_1_2' title="bbox 192 477 1326 567; baseline -0.002 -19"><span class='ocrx_word' id='word_1_2' title='bbox 192 478 438 548; x_wconf 84' lang='lat' dir='ltr'><strong>commetaneis</strong></span> <span class='ocrx_word' id='word_1_3' title='bbox 479 484 565 548; x_wconf 88' lang='lat' dir='ltr'><strong>terre</strong></span> <span class='ocrx_word' id='word_1_4' title='bbox 598 487 773 566; x_wconf 85' lang='lat' dir='ltr'><strong>pretaxate</strong></span> <span class='ocrx_word' id='word_1_5' title='bbox 804 501 877 550; x_wconf 91' lang='lat' dir='ltr'><strong>cum</strong></span> <span class='ocrx_word' id='word_1_6' title='bbox 911 481 1022 550; x_wconf 88' lang='lat' dir='ltr'><strong>multis</strong></span> <span class='ocrx_word' id='word_1_7' title='bbox 1053 477 1220 552; x_wconf 87' lang='lat' dir='ltr'><strong>nobilibus</strong></span> <span class='ocrx_word' id='word_1_8' title='bbox 1252 499 1326 567; x_wconf 90' lang='lat' dir='ltr'><strong>pro·</strong></span> 
     </span>
     <span class='ocr_line' id='line_1_3' title="bbox 201 587 1326 676; baseline 0.004 -23"><span class='ocrx_word' id='word_1_9' title='bbox 201 587 329 672; x_wconf 90' lang='lat' dir='ltr'><strong>nineie,</strong></span> <span class='ocrx_word' id='word_1_10' title='bbox 356 589 443 655; x_wconf 87' lang='lat' dir='ltr'><strong>inter</strong></span> <span class='ocrx_word' id='word_1_11' title='bbox 468 607 550 673; x_wconf 85' lang='lat' dir='ltr'><strong>quos</strong></span> <span class='ocrx_word' id='word_1_12' title='bbox 576 587 705 658; x_wconf 83' lang='lat' dir='ltr'><strong>fuerunt</strong></span> <span class='ocrx_word' id='word_1_13' title='bbox 729 589 920 659; x_wconf 87' lang='lat' dir='ltr'><strong>nominatim</strong></span> <span class='ocrx_word' id='word_1_14' title='bbox 944 591 1110 658; x_wconf 82' lang='lat' dir='ltr'><strong>Iohannes</strong></span> <span class='ocrx_word' id='word_1_15' title='bbox 1134 589 1221 656; x_wconf 88' lang='lat' dir='ltr'><strong>lilius</strong></span> <span class='ocrx_word' id='word_1_16' title='bbox 1242 588 1326 676; x_wconf 78' lang='lat' dir='ltr'><strong>ang,</strong></span> 
     </span>
     <span class='ocr_line' id='line_1_4' title="bbox 201 693 1327 786; baseline 0 -24"><span class='ocrx_word' id='word_1_17' title='bbox 201 695 295 762; x_wconf 87' lang='lat' dir='ltr'><strong>Deca</strong></span> <span class='ocrx_word' id='word_1_18' title='bbox 309 700 343 763; x_wconf 89' lang='lat' dir='ltr'><strong>et</strong></span> <span class='ocrx_word' id='word_1_19' title='bbox 359 693 536 779; x_wconf 76' lang='lat' dir='ltr'>Gregorius</span> <span class='ocrx_word' id='word_1_20' title='bbox 562 695 621 784; x_wconf 86' lang='lat' dir='ltr'><strong>filij</strong></span> <span class='ocrx_word' id='word_1_21' title='bbox 639 695 792 786; x_wconf 76' lang='lat' dir='ltr'><strong>Cornelii,</strong></span> <span class='ocrx_word' id='word_1_22' title='bbox 819 705 852 766; x_wconf 89' lang='lat' dir='ltr'><strong>et</strong></span> <span class='ocrx_word' id='word_1_23' title='bbox 866 699 1066 767; x_wconf 78' lang='lat' dir='ltr'><strong>Benedictus</strong></span> <span class='ocrx_word' id='word_1_24' title='bbox 1089 696 1176 764; x_wconf 87' lang='lat' dir='ltr'><strong>filius</strong></span> <span class='ocrx_word' id='word_1_25' title='bbox 1191 696 1327 782; x_wconf 76' lang='lat' dir='ltr'><strong>Beunrl3</strong></span> 
     </span>
     <span class='ocr_line' id='line_1_5' title="bbox 202 802 1327 887; baseline 0.003 -19"><span class='ocrx_word' id='word_1_26' title='bbox 202 802 259 886; x_wconf 89' lang='lat' dir='ltr'><strong>qui</strong></span> <span class='ocrx_word' id='word_1_27' title='bbox 283 822 396 870; x_wconf 88' lang='lat' dir='ltr'><strong>omues</strong></span> <span class='ocrx_word' id='word_1_28' title='bbox 421 805 570 887; x_wconf 84' lang='lat' dir='ltr'><strong>requisiti</strong></span> <span class='ocrx_word' id='word_1_29' title='bbox 587 825 659 874; x_wconf 91' lang='lat' dir='ltr'><strong>cnm</strong></span> <span class='ocrx_word' id='word_1_30' title='bbox 675 806 739 874; x_wconf 86' lang='lat' dir='ltr'><strong>fide</strong></span> <span class='ocrx_word' id='word_1_31' title='bbox 755 807 826 874; x_wconf 94' lang='lat' dir='ltr'><strong>Deo</strong></span> <span class='ocrx_word' id='word_1_32' title='bbox 851 805 964 875; x_wconf 86' lang='lat' dir='ltr'><strong>debita</strong></span> <span class='ocrx_word' id='word_1_33' title='bbox 989 811 1021 876; x_wconf 91' lang='lat' dir='ltr'><strong>et</strong></span> <span class='ocrx_word' id='word_1_34' title='bbox 1036 824 1154 874; x_wconf 89' lang='lat' dir='ltr'><strong>corone</strong></span> <span class='ocrx_word' id='word_1_35' title='bbox 1179 823 1327 873; x_wconf 86' lang='lat' dir='ltr'><strong>asserue-</strong></span> 
     </span>
     <span class='ocr_line' id='line_1_6' title="bbox 201 911 1329 1002; baseline 0.004 -27"><span class='ocrx_word' id='word_1_36' title='bbox 201 915 292 996; x_wconf 84' lang='lat' dir='ltr'><strong>runt;</strong></span> <span class='ocrx_word' id='word_1_37' title='bbox 307 911 449 998; x_wconf 85' lang='lat' dir='ltr'><strong>populor</strong></span> <span class='ocrx_word' id='word_1_38' title='bbox 464 911 618 981; x_wconf 79' lang='lat' dir='ltr'><strong>Ecclesia</strong></span> <span class='ocrx_word' id='word_1_39' title='bbox 635 933 714 1002; x_wconf 89' lang='lat' dir='ltr'><strong>sepe</strong></span> <span class='ocrx_word' id='word_1_40' title='bbox 731 913 818 984; x_wconf 88' lang='lat' dir='ltr'><strong>dicte</strong></span> <span class='ocrx_word' id='word_1_41' title='bbox 834 913 877 983; x_wconf 87' lang='lat' dir='ltr'><strong>de</strong></span> <span class='ocrx_word' id='word_1_42' title='bbox 892 915 975 984; x_wconf 80' lang='lat' dir='ltr'><strong>uilla</strong></span> <span class='ocrx_word' id='word_1_43' title='bbox 989 917 1108 1002; x_wconf 80' lang='lat' dir='ltr'><strong>Venyu</strong></span> <span class='ocrx_word' id='word_1_44' title='bbox 1124 935 1145 983; x_wconf 86' lang='lat' dir='ltr'><strong>a</strong></span> <span class='ocrx_word' id='word_1_45' title='bbox 1160 915 1262 1000; x_wconf 83' lang='lat' dir='ltr'><strong>plaga</strong></span> <span class='ocrx_word' id='word_1_46' title='bbox 1277 932 1329 980; x_wconf 90' lang='lat' dir='ltr'><strong>oo-</strong></span> 
     </span>
     <span class='ocr_line' id='line_1_7' title="bbox 202 1019 1329 1094; baseline 0.003 -9"><span class='ocrx_word' id='word_1_47' title='bbox 202 1019 359 1087; x_wconf 89' lang='lat' dir='ltr'><strong>cidentali</strong></span> <span class='ocrx_word' id='word_1_48' title='bbox 383 1020 416 1086; x_wconf 91' lang='lat' dir='ltr'><strong>in</strong></span> <span class='ocrx_word' id='word_1_49' title='bbox 442 1027 531 1088; x_wconf 85' lang='lat' dir='ltr'><strong>terra</strong></span> <span class='ocrx_word' id='word_1_50' title='bbox 555 1022 675 1090; x_wconf 76' lang='lat' dir='ltr'><strong>arabili</strong></span> <span class='ocrx_word' id='word_1_51' title='bbox 702 1031 944 1094; x_wconf 85' lang='lat' dir='ltr'><strong>commetaneos</strong></span> <span class='ocrx_word' id='word_1_52' title='bbox 970 1045 1043 1093; x_wconf 90' lang='lat' dir='ltr'><strong>oum</strong></span> <span class='ocrx_word' id='word_1_53' title='bbox 1073 1023 1261 1093; x_wconf 83' lang='lat' dir='ltr'><strong>uduornicis</strong></span> <span class='ocrx_word' id='word_1_54' title='bbox 1286 1021 1329 1090; x_wconf 88' lang='lat' dir='ltr'><strong>de</strong></span> 
     </span>
     <span class='ocr_line' id='line_1_8' title="bbox 200 1127 1327 1219; baseline 0.002 -25"><span class='ocrx_word' id='word_1_55' title='bbox 200 1127 630 1202; x_wconf 83' lang='lat' dir='ltr'><strong>villaFeneuleuhaotenus</strong></span> <span class='ocrx_word' id='word_1_56' title='bbox 643 1151 772 1216; x_wconf 83' lang='lat' dir='ltr'>semper</span> <span class='ocrx_word' id='word_1_57' title='bbox 786 1131 967 1219; x_wconf 86' lang='lat' dir='ltr'><strong>exstitisse;</strong></span> <span class='ocrx_word' id='word_1_58' title='bbox 984 1136 1197 1200; x_wconf 84' lang='lat' dir='ltr'><strong>asseruerunt</strong></span> <span class='ocrx_word' id='word_1_59' title='bbox 1208 1131 1327 1214; x_wconf 82' lang='lat' dir='ltr'><strong>eciam,</strong></span> 
     </span>
     <span class='ocr_line' id='line_1_9' title="bbox 111 1235 1326 1328; baseline 0.005 -28"><span class='ocrx_word' id='word_1_60' title='bbox 111 1243 115 1252; x_wconf 80' lang='grc'><strong><em>’</em></strong></span> <span class='ocrx_word' id='word_1_61' title='bbox 202 1235 293 1321; x_wconf 88' lang='lat' dir='ltr'><strong>ipsos</strong></span> <span class='ocrx_word' id='word_1_62' title='bbox 319 1238 459 1324; x_wconf 89' lang='lat' dir='ltr'><strong>populos</strong></span> <span class='ocrx_word' id='word_1_63' title='bbox 489 1239 676 1308; x_wconf 86' lang='lat' dir='ltr'><strong>libertatem</strong></span> <span class='ocrx_word' id='word_1_64' title='bbox 700 1241 825 1308; x_wconf 87' lang='lat' dir='ltr'><strong>babere</strong></span> <span class='ocrx_word' id='word_1_65' title='bbox 841 1239 1045 1328; x_wconf 84' lang='lat' dir='ltr'><strong>depascendi</strong></span> <span class='ocrx_word' id='word_1_66' title='bbox 1069 1237 1326 1326; x_wconf 85' lang='lat' dir='ltr'><strong>pecoribussuis</strong></span> 
     </span>
     <span class='ocr_line' id='line_1_10' title="bbox 204 1344 1329 1436; baseline 0 -25"><span class='ocrx_word' id='word_1_67' title='bbox 204 1345 324 1412; x_wconf 86' lang='lat' dir='ltr'><strong>siluam</strong></span> <span class='ocrx_word' id='word_1_68' title='bbox 353 1344 601 1415; x_wconf 89' lang='lat' dir='ltr'><strong>interiacentem</strong></span> <span class='ocrx_word' id='word_1_69' title='bbox 632 1349 753 1416; x_wconf 85' lang='lat' dir='ltr'><strong>arabili</strong></span> <span class='ocrx_word' id='word_1_70' title='bbox 778 1355 865 1418; x_wconf 87' lang='lat' dir='ltr'><strong>terre</strong></span> <span class='ocrx_word' id='word_1_71' title='bbox 899 1353 1088 1436; x_wconf 87' lang='lat' dir='ltr'><strong>prenotate;</strong></span> <span class='ocrx_word' id='word_1_72' title='bbox 1119 1350 1329 1416; x_wconf 85' lang='lat' dir='ltr'><strong>asseruerunt</strong></span> 
     </span>
     <span class='ocr_line' id='line_1_11' title="bbox 202 1453 1329 1546; baseline 0.001 -27"><span class='ocrx_word' id='word_1_73' title='bbox 202 1455 308 1521; x_wconf 87' lang='lat' dir='ltr'><strong>eciam</strong></span> <span class='ocrx_word' id='word_1_74' title='bbox 323 1453 484 1522; x_wconf 78' lang='lat' dir='ltr'><strong>arabilem</strong></span> <span class='ocrx_word' id='word_1_75' title='bbox 500 1461 619 1523; x_wconf 86' lang='lat' dir='ltr'><strong>terram</strong></span> <span class='ocrx_word' id='word_1_76' title='bbox 634 1455 667 1522; x_wconf 92' lang='lat' dir='ltr'><strong>in</strong></span> <span class='ocrx_word' id='word_1_77' title='bbox 679 1458 806 1546; x_wconf 38' lang='lat' dir='ltr'><strong>,vertice</strong></span> <span class='ocrx_word' id='word_1_78' title='bbox 821 1459 941 1528; x_wconf 86' lang='lat' dir='ltr'><strong>montis</strong></span> <span class='ocrx_word' id='word_1_79' title='bbox 956 1457 1059 1524; x_wconf 88' lang='lat' dir='ltr'><strong>Zirku</strong></span> <span class='ocrx_word' id='word_1_80' title='bbox 1074 1459 1252 1524; x_wconf 88' lang='lat' dir='ltr'><strong>nominato.</strong></span> <span class='ocrx_word' id='word_1_81' title='bbox 1269 1455 1329 1523; x_wconf 85' lang='lat' dir='ltr'><strong>Su·</strong></span> 
     </span>
     <span class='ocr_line' id='line_1_12' title="bbox 202 1563 1328 1650; baseline 0.001 -23"><span class='ocrx_word' id='word_1_82' title='bbox 202 1580 376 1650; x_wconf 83' lang='lat' dir='ltr'><strong>perquam</strong></span> <span class='ocrx_word' id='word_1_83' title='bbox 393 1581 526 1630; x_wconf 87' lang='lat' dir='ltr'><strong>causam</strong></span> <span class='ocrx_word' id='word_1_84' title='bbox 551 1564 773 1632; x_wconf 89' lang='lat' dir='ltr'><strong>contradiccio</strong></span> <span class='ocrx_word' id='word_1_85' title='bbox 803 1566 897 1632; x_wconf 89' lang='lat' dir='ltr'><strong>nulla</strong></span> <span class='ocrx_word' id='word_1_86' title='bbox 920 1563 1125 1650; x_wconf 83' lang='lat' dir='ltr'><strong>habebatur,</strong></span> <span class='ocrx_word' id='word_1_87' title='bbox 1143 1568 1182 1632; x_wconf 84' lang='lat' dir='ltr'><strong>‚et</strong></span> <span class='ocrx_word' id='word_1_88' title='bbox 1205 1568 1328 1631; x_wconf 88' lang='lat' dir='ltr'><strong>terram</strong></span> 
     </span>
     <span class='ocr_line' id='line_1_13' title="bbox 203 1669 1327 1757; baseline 0 -21"><span class='ocrx_word' id='word_1_89' title='bbox 203 1669 363 1737; x_wconf 79' lang='lat' dir='ltr'><strong>arabilem</strong></span> <span class='ocrx_word' id='word_1_90' title='bbox 380 1690 398 1734; x_wconf 89' lang='lat' dir='ltr'><strong>a</strong></span> <span class='ocrx_word' id='word_1_91' title='bbox 413 1672 516 1755; x_wconf 77' lang='lat' dir='ltr'><strong>plaga</strong></span> <span class='ocrx_word' id='word_1_92' title='bbox 531 1673 719 1756; x_wconf 85' lang='lat' dir='ltr'><strong>aquilonari</strong></span> <span class='ocrx_word' id='word_1_93' title='bbox 734 1692 838 1757; x_wconf 83' lang='lat' dir='ltr'><strong>usque</strong></span> <span class='ocrx_word' id='word_1_94' title='bbox 855 1674 898 1741; x_wconf 86' lang='lat' dir='ltr'><strong>ad</strong></span> <span class='ocrx_word' id='word_1_95' title='bbox 914 1674 1059 1757; x_wconf 87' lang='lat' dir='ltr'><strong>pinetum</strong></span> <span class='ocrx_word' id='word_1_96' title='bbox 1073 1669 1172 1738; x_wconf 88' lang='lat' dir='ltr'><strong>dictis</strong></span> <span class='ocrx_word' id='word_1_97' title='bbox 1196 1669 1327 1756; x_wconf 88' lang='lat' dir='ltr'><strong>populis</strong></span> 
     </span>
     <span class='ocr_line' id='line_1_14' title="bbox 204 1773 1328 1862; baseline 0.001 -20"><span class='ocrx_word' id='word_1_98' title='bbox 204 1773 308 1842; x_wconf 86' lang='lat' dir='ltr'><strong>libere</strong></span> <span class='ocrx_word' id='word_1_99' title='bbox 323 1776 509 1862; x_wconf 85' lang='lat' dir='ltr'><strong>pertinere;</strong></span> <span class='ocrx_word' id='word_1_100' title='bbox 524 1780 558 1845; x_wconf 94' lang='lat' dir='ltr'><strong>in</strong></span> <span class='ocrx_word' id='word_1_101' title='bbox 575 1797 673 1862; x_wconf 88' lang='lat' dir='ltr'><strong>quam</strong></span> <span class='ocrx_word' id='word_1_102' title='bbox 689 1780 910 1848; x_wconf 84' lang='lat' dir='ltr'><strong>assercionem</strong></span> <span class='ocrx_word' id='word_1_103' title='bbox 928 1783 1252 1862; x_wconf 86' lang='lat' dir='ltr'><strong>consenseruntsepe</strong></span> <span class='ocrx_word' id='word_1_104' title='bbox 1262 1795 1328 1843; x_wconf 90' lang='lat' dir='ltr'><strong>me·</strong></span> 
     </span>
     <span class='ocr_line' id='line_1_15' title="bbox 203 1883 1328 1972; baseline 0.002 -22"><span class='ocrx_word' id='word_1_105' title='bbox 203 1884 322 1952; x_wconf 87' lang='lat' dir='ltr'><strong>morati</strong></span> <span class='ocrx_word' id='word_1_106' title='bbox 332 1883 487 1953; x_wconf 86' lang='lat' dir='ltr'><strong>custodes</strong></span> <span class='ocrx_word' id='word_1_107' title='bbox 497 1885 592 1971; x_wconf 89' lang='lat' dir='ltr'><strong>sjlne,</strong></span> <span class='ocrx_word' id='word_1_108' title='bbox 604 1886 883 1956; x_wconf 80' lang='lat' dir='ltr'><strong>videlicetBenkc</strong></span> <span class='ocrx_word' id='word_1_109' title='bbox 899 1885 1055 1972; x_wconf 89' lang='lat' dir='ltr'><strong>centurio,</strong></span> <span class='ocrx_word' id='word_1_110' title='bbox 1065 1883 1328 1972; x_wconf 84' lang='lat' dir='ltr'><strong>Zunka‚Weodu</strong></span> 
     </span>
     <span class='ocr_line' id='line_1_16' title="bbox 204 1991 1328 2079; baseline -0.001 -18"><span class='ocrx_word' id='word_1_111' title='bbox 204 1998 236 2062; x_wconf 87' lang='lat' dir='ltr'><strong>et</strong></span> <span class='ocrx_word' id='word_1_112' title='bbox 250 1993 433 2079; x_wconf 87' lang='lat' dir='ltr'><strong>Martinus,</strong></span> <span class='ocrx_word' id='word_1_113' title='bbox 451 1995 506 2077; x_wconf 91' lang='lat' dir='ltr'><strong>qui</strong></span> <span class='ocrx_word' id='word_1_114' title='bbox 521 1994 587 2062; x_wconf 85' lang='lat' dir='ltr'><strong>litis</strong></span> <span class='ocrx_word' id='word_1_115' title='bbox 605 1993 702 2062; x_wconf 86' lang='lat' dir='ltr'><strong>huius</strong></span> <span class='ocrx_word' id='word_1_116' title='bbox 718 1994 847 2070; x_wconf 84' lang='lat' dir='ltr'><strong>fuerant</strong></span> <span class='ocrx_word' id='word_1_117' title='bbox 863 2002 1056 2064; x_wconf 83' lang='lat' dir='ltr'><strong>executores</strong></span> <span class='ocrx_word' id='word_1_118' title='bbox 1072 2011 1145 2062; x_wconf 88' lang='lat' dir='ltr'><strong>cum</strong></span> <span class='ocrx_word' id='word_1_119' title='bbox 1164 1991 1328 2061; x_wconf 86' lang='lat' dir='ltr'><strong>uniuersis</strong></span> 
     </span>
     <span class='ocr_line' id='line_1_17' title="bbox 203 2087 1329 2188; baseline -0.003 -21"><span class='ocrx_word' id='word_1_120' title='bbox 203 2101 302 2168; x_wconf 89' lang='lat' dir='ltr'><strong>sociis</strong></span> <span class='ocrx_word' id='word_1_121' title='bbox 327 2102 396 2170; x_wconf 85' lang='lat' dir='ltr'><strong>suis</strong></span> <span class='ocrx_word' id='word_1_122' title='bbox 423 2101 607 2170; x_wconf 86' lang='lat' dir='ltr'><strong>senioribus</strong></span> <span class='ocrx_word' id='word_1_123' title='bbox 623 2121 664 2170; x_wconf 86' lang='lat' dir='ltr'><strong>ac</strong></span> <span class='ocrx_word' id='word_1_124' title='bbox 682 2087 885 2188; x_wconf 88' lang='lat' dir='ltr'><strong>iunioribus,</strong></span> <span class='ocrx_word' id='word_1_125' title='bbox 910 2104 966 2188; x_wconf 89' lang='lat' dir='ltr'><strong>qui</strong></span> <span class='ocrx_word' id='word_1_126' title='bbox 991 2121 1103 2170; x_wconf 86' lang='lat' dir='ltr'><strong>omnes</strong></span> <span class='ocrx_word' id='word_1_127' title='bbox 1119 2103 1154 2168; x_wconf 90' lang='lat' dir='ltr'><strong>in</strong></span> <span class='ocrx_word' id='word_1_128' title='bbox 1178 2101 1266 2168; x_wconf 84' lang='lat' dir='ltr'><strong>iacto</strong></span> <span class='ocrx_word' id='word_1_129' title='bbox 1282 2098 1329 2165; x_wconf 86' lang='lat' dir='ltr'><strong>di·</strong></span> 
     </span>
     <span class='ocr_line' id='line_1_18' title="bbox 205 2208 1328 2297; baseline 0 -21"><span class='ocrx_word' id='word_1_130' title='bbox 205 2215 257 2277; x_wconf 90' lang='lat' dir='ltr'><strong>cte</strong></span> <span class='ocrx_word' id='word_1_131' title='bbox 274 2217 359 2277; x_wconf 89' lang='lat' dir='ltr'><strong>terre</strong></span> <span class='ocrx_word' id='word_1_132' title='bbox 376 2217 644 2296; x_wconf 84' lang='lat' dir='ltr'><strong>comparuerunt,</strong></span> <span class='ocrx_word' id='word_1_133' title='bbox 672 2217 705 2278; x_wconf 85' lang='lat' dir='ltr'><strong>et</strong></span> <span class='ocrx_word' id='word_1_134' title='bbox 721 2211 829 2278; x_wconf 84' lang='lat' dir='ltr'><strong>omnis</strong></span> <span class='ocrx_word' id='word_1_135' title='bbox 845 2211 912 2279; x_wconf 87' lang='lat' dir='ltr'><strong>litis</strong></span> <span class='ocrx_word' id='word_1_136' title='bbox 927 2209 1151 2297; x_wconf 82' lang='lat' dir='ltr'><strong>prosecueioni</strong></span> <span class='ocrx_word' id='word_1_137' title='bbox 1167 2213 1201 2277; x_wconf 93' lang='lat' dir='ltr'><strong>et</strong></span> <span class='ocrx_word' id='word_1_138' title='bbox 1215 2208 1328 2276; x_wconf 90' lang='lat' dir='ltr'><strong>accio·</strong></span> 
     </span>
     <span class='ocr_line' id='line_1_19' title="bbox 203 2315 1328 2404; baseline 0.002 -22"><span class='ocrx_word' id='word_1_139' title='bbox 203 2317 254 2393; x_wconf 85' lang='lat' dir='ltr'><strong>ni,</strong></span> <span class='ocrx_word' id='word_1_140' title='bbox 279 2333 375 2400; x_wconf 90' lang='lat' dir='ltr'><strong>quam</strong></span> <span class='ocrx_word' id='word_1_141' title='bbox 391 2335 489 2404; x_wconf 90' lang='lat' dir='ltr'><strong>super</strong></span> <span class='ocrx_word' id='word_1_142' title='bbox 513 2324 601 2385; x_wconf 88' lang='lat' dir='ltr'><strong>terra</strong></span> <span class='ocrx_word' id='word_1_143' title='bbox 626 2324 806 2386; x_wconf 87' lang='lat' dir='ltr'><strong>memorata</strong></span> <span class='ocrx_word' id='word_1_144' title='bbox 827 2319 950 2386; x_wconf 89' lang='lat' dir='ltr'><strong>habere</strong></span> <span class='ocrx_word' id='word_1_145' title='bbox 975 2316 1179 2403; x_wconf 83' lang='lat' dir='ltr'><strong>uidebantur,</strong></span> <span class='ocrx_word' id='word_1_146' title='bbox 1195 2315 1328 2384; x_wconf 93' lang='lat' dir='ltr'><strong>omnino</strong></span> 
     </span>
     <span class='ocr_line' id='line_1_20' title="bbox 204 2423 1328 2514; baseline 0 -24"><span class='ocrx_word' id='word_1_147' title='bbox 204 2424 503 2492; x_wconf 86' lang='lat' dir='ltr'><strong>renunciarunttali</strong></span> <span class='ocrx_word' id='word_1_148' title='bbox 516 2423 720 2512; x_wconf 90' lang='lat' dir='ltr'><strong>condicione,</strong></span> <span class='ocrx_word' id='word_1_149' title='bbox 731 2425 817 2510; x_wconf 85' lang='lat' dir='ltr'><strong>quod</strong></span> <span class='ocrx_word' id='word_1_150' title='bbox 828 2426 943 2514; x_wconf 88' lang='lat' dir='ltr'><strong>populi</strong></span> <span class='ocrx_word' id='word_1_151' title='bbox 958 2423 1045 2492; x_wconf 86' lang='lat' dir='ltr'><strong>dicte</strong></span> <span class='ocrx_word' id='word_1_152' title='bbox 1061 2423 1210 2493; x_wconf 82' lang='lat' dir='ltr'><strong>Ecclesia</strong></span> <span class='ocrx_word' id='word_1_153' title='bbox 1227 2425 1328 2510; x_wconf 88' lang='lat' dir='ltr'><strong>impo-</strong></span> 
     </span>
     <span class='ocr_line' id='line_1_21' title="bbox 204 2532 1329 2619; baseline -0.003 -19"><span class='ocrx_word' id='word_1_154' title='bbox 204 2542 326 2600; x_wconf 85' lang='lat' dir='ltr'><strong>storum</strong></span> <span class='ocrx_word' id='word_1_155' title='bbox 342 2534 467 2600; x_wconf 88' lang='lat' dir='ltr'><strong>nullam</strong></span> <span class='ocrx_word' id='word_1_156' title='bbox 481 2533 632 2602; x_wconf 86' lang='lat' dir='ltr'><strong>arborem</strong></span> <span class='ocrx_word' id='word_1_157' title='bbox 647 2534 812 2602; x_wconf 82' lang='lat' dir='ltr'><strong>uiuentem</strong></span> <span class='ocrx_word' id='word_1_158' title='bbox 829 2533 975 2602; x_wconf 87' lang='lat' dir='ltr'><strong>audeant</strong></span> <span class='ocrx_word' id='word_1_159' title='bbox 990 2532 1174 2619; x_wconf 87' lang='lat' dir='ltr'><strong>extirpare;</strong></span> <span class='ocrx_word' id='word_1_160' title='bbox 1196 2532 1329 2616; x_wconf 89' lang='lat' dir='ltr'><strong>insuper</strong></span> 
     </span>
     <span class='ocr_line' id='line_1_22' title="bbox 204 2639 1328 2728; baseline 0.001 -23"><span class='ocrx_word' id='word_1_161' title='bbox 204 2640 308 2708; x_wconf 90' lang='lat' dir='ltr'><strong>eciam</strong></span> <span class='ocrx_word' id='word_1_162' title='bbox 324 2661 424 2728; x_wconf 86' lang='lat' dir='ltr'><strong>supra</strong></span> <span class='ocrx_word' id='word_1_163' title='bbox 439 2646 572 2709; x_wconf 86' lang='lat' dir='ltr'><strong>notatus</strong></span> <span class='ocrx_word' id='word_1_164' title='bbox 588 2641 704 2710; x_wconf 82' lang='lat' dir='ltr'><strong>Abbas</strong></span> <span class='ocrx_word' id='word_1_165' title='bbox 721 2641 882 2726; x_wconf 84' lang='lat' dir='ltr'><strong>obligauit</strong></span> <span class='ocrx_word' id='word_1_166' title='bbox 897 2660 934 2710; x_wconf 87' lang='lat' dir='ltr'><strong>ee</strong></span> <span class='ocrx_word' id='word_1_167' title='bbox 950 2639 1046 2706; x_wconf 87' lang='lat' dir='ltr'><strong>dictis</strong></span> <span class='ocrx_word' id='word_1_168' title='bbox 1067 2639 1258 2708; x_wconf 87' lang='lat' dir='ltr'><strong>custodibus</strong></span> <span class='ocrx_word' id='word_1_169' title='bbox 1274 2640 1328 2708; x_wconf 86' lang='lat' dir='ltr'><strong>sil-</strong></span> 
     </span>
     <span class='ocr_line' id='line_1_23' title="bbox 204 2747 1329 2835; baseline 0 -21"><span class='ocrx_word' id='word_1_170' title='bbox 204 2767 318 2815; x_wconf 87' lang='lat' dir='ltr'><strong>uarum</strong></span> <span class='ocrx_word' id='word_1_171' title='bbox 336 2767 502 2835; x_wconf 86' lang='lat' dir='ltr'><strong>expensas</strong></span> <span class='ocrx_word' id='word_1_172' title='bbox 518 2747 561 2815; x_wconf 90' lang='lat' dir='ltr'><strong>ad</strong></span> <span class='ocrx_word' id='word_1_173' title='bbox 573 2755 641 2814; x_wconf 85' lang='lat' dir='ltr'><strong>tres</strong></span> <span class='ocrx_word' id='word_1_174' title='bbox 656 2749 710 2816; x_wconf 85' lang='lat' dir='ltr'><strong>uel</strong></span> <span class='ocrx_word' id='word_1_175' title='bbox 737 2755 876 2831; x_wconf 85' lang='lat' dir='ltr'><strong>quatuor</strong></span> <span class='ocrx_word' id='word_1_176' title='bbox 900 2768 1029 2816; x_wconf 86' lang='lat' dir='ltr'><strong>mareas</strong></span> <span class='ocrx_word' id='word_1_177' title='bbox 1054 2747 1255 2830; x_wconf 81' lang='lat' dir='ltr'><strong>refusumm,</strong></span> <span class='ocrx_word' id='word_1_178' title='bbox 1280 2747 1329 2814; x_wconf 88' lang='lat' dir='ltr'><strong>ita</strong></span> 
     </span>
     <span class='ocr_line' id='line_1_24' title="bbox 204 2853 1327 2942; baseline 0.002 -20"><span class='ocrx_word' id='word_1_179' title='bbox 204 2862 314 2923; x_wconf 85' lang='lat' dir='ltr'><strong>tamen</strong></span> <span class='ocrx_word' id='word_1_180' title='bbox 328 2906 337 2942; x_wconf 87' lang='lat'>‚</span> <span class='ocrx_word' id='word_1_181' title='bbox 353 2857 382 2924; x_wconf 93' lang='lat' dir='ltr'><strong>si</strong></span> <span class='ocrx_word' id='word_1_182' title='bbox 399 2875 471 2922; x_wconf 90' lang='lat' dir='ltr'><strong>cum</strong></span> <span class='ocrx_word' id='word_1_183' title='bbox 488 2857 607 2924; x_wconf 82' lang='lat' dir='ltr'><strong>ceteris</strong></span> <span class='ocrx_word' id='word_1_184' title='bbox 623 2857 723 2922; x_wconf 83' lang='lat' dir='ltr'><strong>sociis</strong></span> <span class='ocrx_word' id='word_1_185' title='bbox 739 2855 808 2923; x_wconf 88' lang='lat' dir='ltr'><strong>auis</strong></span> <span class='ocrx_word' id='word_1_186' title='bbox 823 2873 923 2941; x_wconf 88' lang='lat' dir='ltr'><strong>super</strong></span> <span class='ocrx_word' id='word_1_187' title='bbox 939 2856 1002 2922; x_wconf 91' lang='lat' dir='ltr'><strong>hoe</strong></span> <span class='ocrx_word' id='word_1_188' title='bbox 1020 2856 1129 2940; x_wconf 87' lang='lat' dir='ltr'><strong>ipsum</strong></span> <span class='ocrx_word' id='word_1_189' title='bbox 1150 2853 1238 2922; x_wconf 86' lang='lat' dir='ltr'><strong>serio</strong></span> <span class='ocrx_word' id='word_1_190' title='bbox 1254 2873 1327 2940; x_wconf 88' lang='lat' dir='ltr'><strong>pre·</strong></span> 
     </span>
     <span class='ocr_line' id='line_1_25' title="bbox 198 2969 854 3050; baseline -0.003 -19"><span class='ocrx_word' id='word_1_191' title='bbox 198 2969 332 3034; x_wconf 85' lang='lat' dir='ltr'><strong>starent</strong></span> <span class='ocrx_word' id='word_1_192' title='bbox 346 2969 599 3032; x_wconf 88' lang='lat' dir='ltr'><strong>sacramentum.</strong></span> <span class='ocrx_word' id='word_1_193' title='bbox 850 3043 854 3050; x_wconf 88' lang='lat'>.</span> 
     </span>
    </p>

    <p class='ocr_par' dir='ltr' id='par_1_3' title="bbox 201 3068 1329 4243">
     <span class='ocr_line' id='line_1_26' title="bbox 310 3068 1329 3157; baseline 0 -19"><span class='ocrx_word' id='word_1_194' title='bbox 310 3072 469 3140; x_wconf 86' lang='lat' dir='ltr'><strong>Preterea</strong></span> <span class='ocrx_word' id='word_1_195' title='bbox 494 3069 600 3138; x_wconf 90' lang='lat' dir='ltr'><strong>eciam</strong></span> <span class='ocrx_word' id='word_1_196' title='bbox 626 3069 824 3138; x_wconf 82' lang='lat' dir='ltr'><strong>adstiterunt</strong></span> <span class='ocrx_word' id='word_1_197' title='bbox 848 3070 1068 3157; x_wconf 83' lang='lat' dir='ltr'><strong>perennaliter</strong></span> <span class='ocrx_word' id='word_1_198' title='bbox 1097 3087 1208 3138; x_wconf 88' lang='lat' dir='ltr'><strong>coram</strong></span> <span class='ocrx_word' id='word_1_199' title='bbox 1231 3068 1329 3138; x_wconf 81' lang='lat' dir='ltr'><strong>nobis</strong></span> 
     </span>
     <span class='ocr_line' id='line_1_27' title="bbox 205 3175 1329 3267; baseline -0.004 -19"><span class='ocrx_word' id='word_1_200' title='bbox 205 3199 286 3267; x_wconf 85' lang='lat' dir='ltr'><strong>sepe</strong></span> <span class='ocrx_word' id='word_1_201' title='bbox 302 3178 383 3246; x_wconf 84' lang='lat' dir='ltr'><strong>dicti</strong></span> <span class='ocrx_word' id='word_1_202' title='bbox 399 3175 551 3246; x_wconf 86' lang='lat' dir='ltr'><strong>custodes</strong></span> <span class='ocrx_word' id='word_1_203' title='bbox 568 3177 726 3248; x_wconf 86' lang='lat' dir='ltr'><strong>siluarum</strong></span> <span class='ocrx_word' id='word_1_204' title='bbox 741 3177 816 3247; x_wconf 85' lang='lat' dir='ltr'><strong>vice</strong></span> <span class='ocrx_word' id='word_1_205' title='bbox 830 3179 1002 3246; x_wconf 88' lang='lat' dir='ltr'><strong>ctnomine</strong></span> <span class='ocrx_word' id='word_1_206' title='bbox 1019 3175 1242 3264; x_wconf 79' lang='lat' dir='ltr'><strong>procuratorio</strong></span> <span class='ocrx_word' id='word_1_207' title='bbox 1259 3177 1329 3244; x_wconf 85' lang='lat' dir='ltr'><strong>rni-</strong></span> 
     </span>
     <span class='ocr_line' id='line_1_28' title="bbox 204 3282 1329 3370; baseline -0.002 -16"><span class='ocrx_word' id='word_1_208' title='bbox 204 3306 374 3356; x_wconf 86' lang='lat' dir='ltr'><strong>uersorum</strong></span> <span class='ocrx_word' id='word_1_209' title='bbox 390 3287 552 3355; x_wconf 88' lang='lat' dir='ltr'><strong>sociorum</strong></span> <span class='ocrx_word' id='word_1_210' title='bbox 581 3304 712 3353; x_wconf 92' lang='lat' dir='ltr'><strong>suorum</strong></span> <span class='ocrx_word' id='word_1_211' title='bbox 722 3336 731 3370; x_wconf 91' lang='lat'>‚</span> <span class='ocrx_word' id='word_1_212' title='bbox 748 3291 782 3352; x_wconf 92' lang='lat' dir='ltr'><strong>et</strong></span> <span class='ocrx_word' id='word_1_213' title='bbox 798 3288 896 3353; x_wconf 84' lang='lat' dir='ltr'><strong>irater</strong></span> <span class='ocrx_word' id='word_1_214' title='bbox 913 3283 1073 3354; x_wconf 86' lang='lat' dir='ltr'><strong>Henricus</strong></span> <span class='ocrx_word' id='word_1_215' title='bbox 1097 3286 1230 3354; x_wconf 91' lang='lat' dir='ltr'><strong>nomine</strong></span> <span class='ocrx_word' id='word_1_216' title='bbox 1248 3282 1329 3352; x_wconf 87' lang='lat' dir='ltr'><strong>dicti</strong></span> 
     </span>
     <span class='ocr_line' id='line_1_29' title="bbox 203 3391 1329 3480; baseline -0.002 -16"><span class='ocrx_word' id='word_1_217' title='bbox 203 3396 347 3464; x_wconf 83' lang='lat' dir='ltr'><strong>Abbatis</strong></span> <span class='ocrx_word' id='word_1_218' title='bbox 374 3395 425 3464; x_wconf 89' lang='lat' dir='ltr'><strong>sui</strong></span> <span class='ocrx_word' id='word_1_219' title='bbox 446 3402 480 3464; x_wconf 87' lang='lat' dir='ltr'><strong>et</strong></span> <span class='ocrx_word' id='word_1_220' title='bbox 494 3393 547 3466; x_wconf 89' lang='lat' dir='ltr'><strong>sui</strong></span> <span class='ocrx_word' id='word_1_221' title='bbox 562 3395 750 3464; x_wconf 78' lang='lat' dir='ltr'><strong>conuentus</strong></span> <span class='ocrx_word' id='word_1_222' title='bbox 781 3391 893 3478; x_wconf 83' lang='lat' dir='ltr'><strong>sepius</strong></span> <span class='ocrx_word' id='word_1_223' title='bbox 923 3392 1091 3474; x_wconf 87' lang='lat' dir='ltr'><strong>dictorum,</strong></span> <span class='ocrx_word' id='word_1_224' title='bbox 1122 3392 1329 3480; x_wconf 77' lang='lat' dir='ltr'><strong>postulantes</strong></span> 
     </span>
     <span class='ocr_line' id='line_1_30' title="bbox 204 3499 1328 3591; baseline -0.004 -19"><span class='ocrx_word' id='word_1_225' title='bbox 204 3503 347 3591; x_wconf 86' lang='lat' dir='ltr'><strong>supplici</strong></span> <span class='ocrx_word' id='word_1_226' title='bbox 361 3523 444 3572; x_wconf 86' lang='lat' dir='ltr'><strong>voce</strong></span> <span class='ocrx_word' id='word_1_227' title='bbox 459 3503 730 3572; x_wconf 84' lang='lat' dir='ltr'><strong>reformucionem</strong></span> <span class='ocrx_word' id='word_1_228' title='bbox 745 3502 852 3588; x_wconf 82' lang='lat' dir='ltr'><strong>ipram</strong></span> <span class='ocrx_word' id='word_1_229' title='bbox 867 3499 1014 3588; x_wconf 83' lang='lat' dir='ltr'><strong>predicte</strong></span> <span class='ocrx_word' id='word_1_230' title='bbox 1029 3501 1123 3587; x_wconf 85' lang='lat' dir='ltr'><strong>pacis</strong></span> <span class='ocrx_word' id='word_1_231' title='bbox 1139 3501 1328 3589; x_wconf 76' lang='lat' dir='ltr'><strong>priuilegia·</strong></span> 
     </span>
     <span class='ocr_line' id='line_1_31' title="bbox 205 3609 1329 3691; baseline -0.001 -13"><span class='ocrx_word' id='word_1_232' title='bbox 205 3613 293 3683; x_wconf 86' lang='lat' dir='ltr'><strong>libns</strong></span> <span class='ocrx_word' id='word_1_233' title='bbox 309 3613 427 3680; x_wconf 89' lang='lat' dir='ltr'><strong>litteris</strong></span> <span class='ocrx_word' id='word_1_234' title='bbox 443 3612 565 3679; x_wconf 85' lang='lat' dir='ltr'><strong>nostris</strong></span> <span class='ocrx_word' id='word_1_235' title='bbox 584 3609 779 3680; x_wconf 79' lang='lat' dir='ltr'><strong>confirmari.</strong></span> <span class='ocrx_word' id='word_1_236' title='bbox 796 3609 943 3691; x_wconf 76' lang='lat' dir='ltr'><strong>Quorum</strong></span> <span class='ocrx_word' id='word_1_237' title='bbox 967 3609 1061 3678; x_wconf 86' lang='lat' dir='ltr'><strong>iustis</strong></span> <span class='ocrx_word' id='word_1_238' title='bbox 1085 3614 1119 3677; x_wconf 87' lang='lat' dir='ltr'><strong>et</strong></span> <span class='ocrx_word' id='word_1_239' title='bbox 1143 3609 1329 3680; x_wconf 89' lang='lat' dir='ltr'><strong>raoiouabi·</strong></span> 
     </span>
     <span class='ocr_line' id='line_1_32' title="bbox 203 3718 1329 3809; baseline 0 -21"><span class='ocrx_word' id='word_1_240' title='bbox 203 3720 291 3790; x_wconf 92' lang='lat' dir='ltr'><strong>libus</strong></span> <span class='ocrx_word' id='word_1_241' title='bbox 307 3721 525 3809; x_wconf 83' lang='lat' dir='ltr'><strong>peticionibus</strong></span> <span class='ocrx_word' id='word_1_242' title='bbox 540 3718 707 3803; x_wconf 79' lang='lat' dir='ltr'><strong>inclinati,</strong></span> <span class='ocrx_word' id='word_1_243' title='bbox 733 3739 775 3786; x_wconf 93' lang='lat' dir='ltr'><strong>ne</strong></span> <span class='ocrx_word' id='word_1_244' title='bbox 791 3719 972 3803; x_wconf 85' lang='lat' dir='ltr'><strong>aliquorum</strong></span> <span class='ocrx_word' id='word_1_245' title='bbox 997 3718 1130 3788; x_wconf 82' lang='lat' dir='ltr'><strong>malicia</strong></span> <span class='ocrx_word' id='word_1_246' title='bbox 1153 3724 1329 3806; x_wconf 80' lang='lat' dir='ltr'><strong>prenotata</strong></span> 
     </span>
     <span class='ocr_line' id='line_1_33' title="bbox 204 3827 1329 3916; baseline -0.003 -19"><span class='ocrx_word' id='word_1_247' title='bbox 204 3830 298 3915; x_wconf 81' lang='lat' dir='ltr'><strong>pacis</strong></span> <span class='ocrx_word' id='word_1_248' title='bbox 313 3828 508 3900; x_wconf 80' lang='lat' dir='ltr'><strong>relormccio</strong></span> <span class='ocrx_word' id='word_1_249' title='bbox 523 3828 556 3896; x_wconf 94' lang='lat' dir='ltr'><strong>in</strong></span> <span class='ocrx_word' id='word_1_250' title='bbox 572 3829 699 3896; x_wconf 89' lang='lat' dir='ltr'><strong>irritum</strong></span> <span class='ocrx_word' id='word_1_251' title='bbox 718 3831 831 3896; x_wconf 83' lang='lat' dir='ltr'><strong>valeat</strong></span> <span class='ocrx_word' id='word_1_252' title='bbox 847 3827 1025 3914; x_wconf 86' lang='lat' dir='ltr'><strong>aliquando</strong></span> <span class='ocrx_word' id='word_1_253' title='bbox 1040 3847 1099 3914; x_wconf 90' lang='lat' dir='ltr'><strong>per</strong></span> <span class='ocrx_word' id='word_1_254' title='bbox 1113 3829 1206 3916; x_wconf 83' lang='lat' dir='ltr'><strong>ipsae</strong></span> <span class='ocrx_word' id='word_1_255' title='bbox 1215 3831 1329 3913; x_wconf 86' lang='lat' dir='ltr'><strong>partos</strong></span> 
     </span>
     <span class='ocr_line' id='line_1_34' title="bbox 205 3935 1328 4026; baseline -0.004 -21"><span class='ocrx_word' id='word_1_256' title='bbox 205 3939 377 4026; x_wconf 84' lang='lat' dir='ltr'><strong>reuocari,</strong></span> <span class='ocrx_word' id='word_1_257' title='bbox 393 3944 567 4025; x_wconf 84' lang='lat' dir='ltr'><strong>presentes</strong></span> <span class='ocrx_word' id='word_1_258' title='bbox 584 3937 805 4006; x_wconf 85' lang='lat' dir='ltr'><strong>¹concessimus</strong></span> <span class='ocrx_word' id='word_1_259' title='bbox 821 3937 924 4022; x_wconf 75' lang='lat' dir='ltr'><strong>sigilli</strong></span> <span class='ocrx_word' id='word_1_260' title='bbox 947 3935 1052 4006; x_wconf 88' lang='lat' dir='ltr'><strong>nostri</strong></span> <span class='ocrx_word' id='word_1_261' title='bbox 1077 3935 1255 4006; x_wconf 89' lang='lat' dir='ltr'><strong>munimine</strong></span> <span class='ocrx_word' id='word_1_262' title='bbox 1278 3952 1328 4000; x_wconf 89' lang='lat' dir='ltr'><strong>ro-</strong></span> 
     </span>
     <span class='ocr_line' id='line_1_35' title="bbox 203 4039 1329 4135; baseline -0.008 -19"><span class='ocrx_word' id='word_1_263' title='bbox 203 4047 349 4116; x_wconf 83' lang='lat' dir='ltr'><strong>boratos.</strong></span> <span class='ocrx_word' id='word_1_264' title='bbox 379 4051 474 4118; x_wconf 82' lang='lat' dir='ltr'><strong>Anno</strong></span> <span class='ocrx_word' id='word_1_265' title='bbox 506 4047 640 4117; x_wconf 90' lang='lat' dir='ltr'><strong>Domini</strong></span> <span class='ocrx_word' id='word_1_266' title='bbox 662 4047 811 4119; x_wconf 70' lang='lat' dir='ltr'><strong>moon.</strong></span> <span class='ocrx_word' id='word_1_267' title='bbox 837 4051 973 4134; x_wconf 85' lang='lat' dir='ltr'><strong>octauo,</strong></span> <span class='ocrx_word' id='word_1_268' title='bbox 996 4045 1135 4135; x_wconf 87' lang='lat' dir='ltr'><strong>septimo</strong></span> <span class='ocrx_word' id='word_1_269' title='bbox 1158 4039 1329 4114; x_wconf 63' lang='lat' dir='ltr'><strong>Mendes</strong></span> 
     </span>
     <span class='ocr_line' id='line_1_36' title="bbox 201 4155 341 4243; baseline 0.021 -27"><span class='ocrx_word' id='word_1_270' title='bbox 201 4155 341 4243; x_wconf 78' lang='lat' dir='ltr'><strong>Aprilis.</strong></span> 
     </span>
    </p>
   </div>
   <div class='ocr_carea' id='block_1_3' title="bbox 359 4345 1172 4428">
    <p class='ocr_par' dir='ltr' id='par_1_4' title="bbox 359 4345 1172 4428">
     <span class='ocr_line' id='line_1_37' title="bbox 359 4345 1172 4428; baseline -0.012 -15"><span class='ocrx_word' id='word_1_271' title='bbox 359 4349 506 4428; x_wconf 76' lang='lat' dir='ltr'><strong>(Ereuetu</strong></span> <span class='ocrx_word' id='word_1_272' title='bbox 518 4367 537 4409; x_wconf 91' lang='lat' dir='ltr'><strong>a</strong></span> <span class='ocrx_word' id='word_1_273' title='bbox 548 4347 765 4410; x_wconf 76' lang='lat' dir='ltr'><strong>szcncmneoni</strong></span> <span class='ocrx_word' id='word_1_274' title='bbox 777 4347 934 4426; x_wconf 75' lang='lat' dir='ltr'><strong>illapitsig</strong></span> <span class='ocrx_word' id='word_1_275' title='bbox 946 4345 1172 4424; x_wconf 74' lang='lat' dir='ltr'><strong>lavdliiriban.)</strong></span> 
     </span>
    </p>
   </div>
   <div class='ocr_carea' id='block_1_4' title="bbox 0 0 1602 5064">
    <p class='ocr_par' dir='ltr' id='par_1_5' title="bbox 0 0 1602 5064">
     <span class='ocr_line' id='line_1_38' title="bbox 0 0 1602 5064; baseline 0 0"><span class='ocrx_word' id='word_1_276' title='bbox 0 0 1602 5064; x_wconf 95' lang='lat' dir='ltr'><strong> </strong></span> 
     </span>
    </p>
   </div>
  </div>
 </body>
</html>
