3220 5058
207 963 266 1030 IX.
281 963 415 1053 Gecpely
423 967 516 1054 popo
532 987 554 1028 a
568 965 674 1030 bucolt
684 967 890 1054 ptiapdktcelc
914 970 945 1033 ee
968 967 1125 1032 ltilcttlddtt
1140 967 1331 1035 dicdtdrsoe'·

205 1071 269 1137 uolt
281 1071 479 1162 mcpdappja,
490 1071 569 1160 bopy
584 1095 623 1136 aa
639 1072 760 1160 crddlpr'
766 1074 894 1160 ptapdk
910 1076 942 1140 dr
956 1097 978 1138 a
993 1073 1245 1160 lcolonnooostod
1253 1079 1332 1162 apdt

398 1179 483 1244 ltdztr'
493 1200 587 1264 perca
601 1180 761 1268 dppelcbcc
776 1181 1019 1267 iutdzkodjcuek.
1036 1183 1134 1248 1235.
1160 1267 1163 1272 Ι

310 1357 684 1454 GregoriusEpiseopus
697 1339 761 1426 etc.
779 1359 961 1426 venerabili
977 1359 1070 1428 fratri
1088 1409 1095 1425 .
1115 1411 1123 1425 .
1140 1411 1147 1426 .
1165 1362 1330 1449 Episcopo

207 1465 448 1550 (bumanorum,
464 1474 497 1532 ct
512 1465 643 1532 dilectis
658 1465 734 1534 filiis
752 1515 760 1530 .
779 1514 786 1530 .
805 1517 811 1529 .
828 1467 1029 1535 Ocnadiensi
1044 1479 1078 1535 et
1095 1519 1101 1533 .
1121 1517 1128 1532 .
1146 1517 1153 1533 .
1172 1467 1213 1535 de
1225 1469 1329 1540 ,Both-

205 1575 290 1642 leem
307 1573 531 1652 Uitrasilvanc
546 1573 698 1639 Dlocesis
714 1575 904 1658 Prepesitis‚
921 1575 1061 1646 salutem
1081 1582 1142 1642 ete.
1174 1575 1259 1643 Olim
1275 1598 1329 1645 ve-

206 1681 345 1748 nerabili
371 1681 471 1746 tratre
496 1687 608 1747 nostre
626 1727 632 1744 .
652 1727 685 1746 ..
712 1681 877 1766 Episcopo
904 1681 1130 1748 Ultrasilvano
1147 1683 1330 1768 deponente

207 1808 318 1856 coram
335 1789 516 1862 venerabili
532 1787 634 1854 fratre
652 1837 659 1852 .
678 1837 685 1852 .
704 1837 711 1852 .
740 1789 903 1874 Episcopo
920 1789 1115 1856 Penestrino
1125 1839 1134 1874 ,
1152 1797 1229 1856 tunc
1244 1792 1330 1875 Apo·

206 1896 324 1964 stoliee
337 1895 433 1964 Sedis
449 1897 594 1978 Legato,
611 1902 724 1962 contra
741 1942 749 1960 .
768 1945 774 1959 .
794 1943 801 1958 .
822 1897 982 1964 Abbatem
1000 1896 1250 1964 reconventum
1265 1899 1332 1966 blo·

206 2004 339 2070 nasterii
357 2005 398 2072 de
414 2002 514 2070 Clusa
527 2001 752 2073 Uitrasilvane
767 2004 918 2071 Diocesis
934 2003 1099 2090 duplicem
1115 2005 1327 2091 questionem,

204 2131 303 2178 unam
318 2110 473 2177 videlicet
487 2129 587 2196 super
608 2112 805 2194 quibusdam
830 2113 983 2197 decimis,
1009 2120 1043 2180 et
1068 2113 1207 2178 alteram
1231 2113 1330 2200 super

205 2217 408 2298 subiectione
434 2218 538 2304 ipsius
553 2219 766 2304 Monasterii,
792 2221 983 2288 obedientia
1007 2229 1040 2286 et
1063 2221 1269 2306 reverentia,
1297 2229 1330 2288 et

204 2328 280 2394 aliis
291 2327 422 2414 juribus
440 2328 704 2414 episcopalibus,
730 2325 774 2394 ad
794 2348 857 2412 que
873 2327 964 2413 ipsos
980 2328 1045 2396 sibi
1060 2329 1165 2400 teneri
1179 2328 1327 2416 dicebat,

204 2433 246 2502 de
263 2455 400 2519 quarum
415 2456 481 2504 una
498 2437 623 2503 scilicet
639 2456 739 2524 super
754 2435 891 2505 decimis
907 2444 944 2503 ut
958 2437 1123 2521 Legatos,
1143 2433 1186 2502 dc
1201 2437 1329 2520 reliqua

205 2561 282 2610 rere
297 2549 333 2610 ut
349 2543 521 2628 delegatus
532 2543 575 2610 ab
586 2535 779 2630 apostoliea
795 2547 880 2614 Sede
896 2545 1068 2628 cognovit:
1086 2563 1127 2610 ae
1142 2543 1199 2610 lite
1216 2563 1329 2612 ceram

205 2669 244 2718 eo
260 2650 439 2736 superbiis
455 2651 603 2735 legitime
612 2660 804 2736 contestata,
815 2660 848 2720 et
857 2653 996 2739 receptis
1007 2652 1048 2718 de
1058 2650 1213 2718 mandato
1223 2651 1328 2738 ipsius

196 2761 399 2846 quibusdam
414 2763 553 2830 testibus
579 2764 622 2828 ab
648 2761 763 2830 eodem
781 2761 1006 2830 Ultrasilvano
1023 2763 1057 2828 in
1072 2770 1210 2846 utraque
1227 2779 1329 2828 eausa

204 2889 303 2958 super
318 2870 492 2956 principali
503 2871 679 2957 productis,
691 2871 820 2938 demum
831 2871 1054 2938 intercalares
1065 2869 1147 2940 duas
1165 2869 1329 2956 exccptio·

203 2994 262 3045 nes
273 3029 282 3063 ,
307 2980 575 3066 prescriptionem
592 2979 745 3048 uidelicet
770 2961 884 3046 contra
903 2981 1098 3066 peticionem
1118 2981 1328 3060 decimarum,

204 3091 237 3154 et
261 3085 427 3169 quoddam
452 3085 622 3154 arbitrium
647 3087 749 3155 latum
775 3107 833 3174 per
858 3089 1025 3155 Albertum
1053 3085 1267 3156 Orodiensem
1294 3091 1328 3149 et

203 3193 368 3278 quondam
380 3193 512 3259 Petrum
521 3193 699 3263 Albensem
716 3214 756 3262 ac
765 3195 987 3262 Florentinum
997 3193 1235 3260 Scibinicnsom
1250 3193 1328 3256 Pre-

203 3303 347 3388 posites,
365 3307 480 3369 eontra
496 3303 635 3369 alteram
644 3351 656 3386 ,
681 3322 740 3389 pcr
756 3303 845 3390 qnod
861 3321 918 3388 pro
934 3303 1007 3386 ipso
1023 3299 1224 3366 blonastcrio
1241 3297 1327 3364 deei-

204 3427 275 3478 sum
299 3410 465 3494 negotium
489 3407 679 3497 dicebatur,
705 3429 747 3476 ex
770 3416 866 3496 parte
890 3406 1109 3493 predictorum
1135 3404 1275 3472 Abbatis
1295 3412 1328 3470 et

132 3569 145 3593 ,
204 3517 390 3586 Oonuentus
407 3517 565 3602 obiectus,
581 3517 668 3586 idem
684 3519 815 3600 legatus
830 3514 970 3588 admisit.
995 3514 1062 3582 Sed
1078 3520 1254 3598 antequam
1270 3512 1326 3579 im-

203 3643 323 3710 ponere
338 3613 436 3690 llnem
451 3626 592 3706 negotiis
607 3623 788 3709 potuisset,
804 3643 876 3690 cum
890 3623 955 3690 ian
972 3629 1061 3690 esset
1075 3641 1133 3690 sne
1148 3613 1327 3704 legationis

203 3732 360 3800 terminos
385 3747 576 3814 egressurus
586 3781 596 3816 ,
621 3731 700 3814 tibi,
727 3730 827 3798 frater
843 3729 1030 3848 Episcopo,
1046 3731 1264 3818 receptionem
1279 3737 1325 3798 te·

204 3838 302 3907 stium
318 3858 415 3925 super
430 3837 679 3924 prescriptionis
695 3839 887 3925 exceptione
901 3842 1063 3925 promissa
1072 3889 1081 3924 ,
1109 3845 1142 3906 et
1160 3838 1324 3923 probatio·

203 3967 278 4016 nem
293 3965 352 4033 per
367 3948 581 4014 instrumenta
598 3966 696 4032 super
712 3947 817 4014 altera
832 3947 961 4014 testium
977 3948 1184 4032 probatione,
1199 3965 1263 4030 quo
1279 3947 1324 4015 ad

203 4059 310 4144 ipsam
335 4055 563 4140 exceptionem
589 4055 715 4124 arbitrii
739 4055 827 4141 parti
847 4054 1022 4122 eorundem
1037 4054 1178 4122 Abbati·
1194 4059 1227 4122 et
1242 4053 1323 4120 Gon·

202 4170 319 4232 uentus
343 4180 402 4248 por
426 4163 701 4230 interlocutoriam
716 4164 883 4248 denegata
907 4163 1076 4232 commisit.
1102 4161 1323 4228 Procuratori-

202 4269 263 4336 bus
278 4270 379 4355 igitur
393 4269 536 4356 partium
553 4267 586 4335 in
603 4277 715 4336 nostra
729 4276 863 4355 propter
878 4268 941 4335 hoe
951 4269 1118 4354 presentia
1129 4265 1323 4350 constitutis,

202 4377 318 4448 cedern
332 4379 526 4446 Penestrino
542 4375 735 4462 quibusdam
746 4378 893 4445 Ecclesie
908 4379 1056 4446 Romane
1072 4375 1212 4462 negotiis
1229 4393 1324 4468 oceu-

201 4494 298 4574 pato‚
325 4487 479 4554 dilectum
505 4485 606 4553 lilium
631 4493 776 4554 nostrum
801 4483 837 4551 0.
858 4487 971 4554 Sancti
989 4483 1120 4553 Nicolai
1134 4485 1167 4550 iu
1184 4483 1324 4550 Caruere

204 4595 355 4664 Tulliano
374 4593 556 4662 Diaconum
575 4593 784 4662 cardinalem
810 4593 962 4662 dedimus
988 4591 1187 4660 auditorem:
1213 4605 1322 4653 eoram

261 4717 364 4763 uerunt
378 4719 459 4764 nuno.
472 4718 652 4764 uisu-unu
667 4719 688 4763 t.
1140 4695 1161 4762 8
