3154 5030
526 902 628 967 Deua
642 901 745 966 addor
760 923 944 989 appanowa
959 904 1088 990 ttpybeo:
1105 905 1201 968 1239.

351 1109 354 1116 ⁴
409 1082 577 1150 Dionisins
603 1081 665 1148 Dei
690 1081 804 1166 gracia
831 1081 1001 1148 Palatinus
1027 1089 1061 1148 et
1085 1081 1201 1150 &mes
1229 1083 1270 1150 de
1288 1081 1425 1150 Zounuk

302 1189 450 1260 omuibus
475 1206 611 1276 presens
635 1179 790 1274 scriptum
814 1190 1010 1274 inspecturis
1038 1191 1177 1256 salutem
1209 1191 1242 1256 in
1273 1185 1422 1256 Domino.

302 1299 382 1367 Guru
407 1298 506 1364 rebus
531 1297 616 1364 iuste
642 1295 809 1384 dispositis
828 1295 1007 1380 'causisque
1028 1299 1175 1383 legitime
1191 1297 1350 1364 ordinatis
1365 1317 1423 1362 uo·

301 1406 428 1473 uereari
443 1406 528 1472 solet
545 1403 676 1488 obliuio,
695 1405 849 1472 conuenit
863 1413 899 1472 ut
914 1425 966 1490 ea,
983 1425 1047 1490 que
1063 1406 1278 1492 inposterum
1295 1423 1423 1472 conser-

302 1513 413 1582 uauda
427 1517 520 1596 suut,
546 1507 705 1599 scripture
729 1533 870 1598 congruo
889 1514 1115 1583 confirmentur
1130 1513 1327 1582 testimonio.
1357 1513 1425 1580 No·

301 1630 369 1688 tum
384 1622 428 1688 sit
443 1621 541 1706 igitur
556 1627 622 1688 tam
639 1623 846 1708 presentibus
862 1642 958 1705 quam
975 1622 1111 1706 futuris,
1129 1624 1216 1705 quod
1232 1639 1306 1688 cum
1322 1641 1424 1688 causa

302 1735 391 1797 mota
406 1728 522 1797 fuisset
537 1730 622 1795 iuter
638 1731 721 1796 Vros
737 1731 900 1812 Abbatem
918 1731 1033 1798 Sancti
1049 1731 1182 1796 Martini
1197 1728 1238 1796 de
1255 1730 1426 1798 Pannonia

222 1899 225 1904 .
301 1843 335 1904 et
349 1837 466 1905 iratres
484 1836 629 1904 eiusdem
644 1859 686 1905 ex
702 1859 767 1906 una
783 1847 896 1924 parte,
925 1846 958 1922 et
970 1839 1169 1924 jobagiones
1185 1845 1218 1904 et
1234 1837 1348 1930 ciuiles
1363 1837 1424 1904 Po

300 1945 479 2027 cunienses,
501 1943 633 2011 Obuiar
650 1946 808 2028 uidelicet,
819 1953 854 2012 et
868 1955 1027 2032 cognatos
1043 1965 1120 2013 suos
1135 1953 1168 2014 et
1183 1945 1290 2012 socies
1307 1963 1424 2010 eorun—

299 2051 375 2120 dem
391 2072 432 2118 ex
448 2051 516 2117 alia
544 2071 643 2138 super
667 2054 876 2138 possessione
894 2055 975 2123 Sala
991 2063 1024 2120 et
1039 2061 1128 2120 terra
1144 2053 1188 2120 ad
1204 2051 1425 2136 quadraginta

300 2166 414 2226 aratra
429 2157 619 2244 sufficiente,
637 2181 699 2244 que
715 2146 860 2248 tempore
876 2164 1071 2230 Sanctorum
1083 2161 1242 2246 Stephani
1258 2167 1291 2227 et
1307 2159 1425 2225 Ladiz·

300 2267 346 2334 lai
361 2267 484 2352 Regum
500 2267 574 2352 Vag
589 2269 780 2351 uocabatur,
796 2278 832 2334 ut
848 2270 934 2335 idem
945 2270 1058 2336 Abbas
1075 2276 1109 2336 et
1125 2269 1242 2336 iratres
1259 2265 1424 2348 dicebant,

302 2377 386 2442 sicut
402 2381 434 2440 et
449 2375 657 2460 postmodum
672 2377 703 2442 in
721 2377 904 2462 priuilegiis
920 2397 1030 2444 eorum
1043 2377 1245 2464 inspeximus
1254 2373 1423 2456 contineri,

301 2491 334 2551 et
350 2483 424 2569 ipsa
440 2503 541 2552 cansa
558 2487 600 2552 ad
616 2487 819 2571 presenciam
846 2485 968 2554 domiui
994 2487 1094 2570 Regis
1120 2486 1327 2567 deuenisset3
1352 2481 1426 2565 ipse

223 2609 231 2631 r
300 2593 371 2658 Rex
387 2593 482 2660 uobis
498 2596 570 2660 uice
587 2614 648 2662 sua
665 2597 825 2664 commisit
840 2595 1037 2663 audiendam
1054 2602 1087 2662 et
1101 2595 1165 2663 fine
1182 2593 1293 2668 debito
1313 2589 1424 2656 termi-

249 2719 253 2726 ·
301 2699 455 2768 nandum.
487 2703 585 2769 Parte
612 2703 711 2788 igitur
736 2712 875 2798 utraque
901 2723 1014 2772 coram
1038 2705 1132 2770 uobis
1153 2702 1329 2768 constituta
1345 2698 1425 2766 dicti

295 2809 493 2894 jobagioues
510 2818 544 2876 et
559 2809 671 2878 ciuiles
688 2813 882 2899 repetebant
898 2815 1006 2898 ipsam
1022 2811 1265 2897 possessiouem
1290 2809 1332 2874 ab
1354 2805 1422 2874 Ab·

300 2917 378 2983 bate
404 2925 437 2983 et
460 2917 613 2983 iratribus
640 2919 786 2986 eiusdem
802 2919 862 2986 sub
878 2922 1007 2987 nomine
1023 2920 1102 2986 iuris
1119 2917 1218 2985 castri
1235 2923 1268 2983 ct
1284 2915 1336 2982 sui
1350 2933 1425 3000 pro

300 3024 381 3112 prii,
408 3023 546 3091 dicendo
562 3045 635 3091 eam
650 3046 709 3111 per
725 3026 888 3094 Abbatem
905 3035 938 3092 et
955 3025 1074 3092 iratres
1091 3027 1123 3091 ui
1141 3029 1334 3108 occupatam
1350 3021 1425 3086 reti·

300 3133 379 3200 neri.
396 3131 448 3197 Au
462 3133 527 3198 boc
542 3131 646 3200 dictrrs
662 3134 776 3201 Abbas
794 3143 826 3200 et
843 3134 961 3201 iratres
972 3127 1426 3219 einsresponderuutdietam

299 3241 543 3328 possessiouem
560 3241 741 3308 Ecclesiam
761 3261 872 3308 eorum
890 3263 911 3309 a
925 3250 1072 3328 tempore
1088 3242 1281 3308 Sanctorum
1297 3237 1424 3320 Regum

299 3349 518 3434 predictorum
535 3350 688 3416 continue
704 3351 906 3437 possedisse,
925 3357 956 3417 et
971 3352 1004 3417 in
1022 3349 1137 3418 eodem
1154 3345 1289 3416 instanti
1305 3345 1422 3411 iustru-

300 3459 416 3524 mentis
434 3459 604 3524 autenticis
621 3460 746 3544 Regum
772 3457 899 3524 sciiioet
923 3457 1144 3543 predictorum
1161 3461 1194 3521 et
1209 3455 1346 3520 aliorum
1363 3453 1426 3541 Re·

300 3585 374 3648 gum
391 3563 454 3630 sibi
470 3567 716 3632 succedencium
733 3573 765 3633 et
773 3565 924 3650 *judicum
941 3565 1071 3632 domiue
1088 3563 1214 3647 Regius
1231 3561 1342 3627 inclite
1357 3578 1425 3624 me·
1494 3621 1496 3624 ,

301 3671 412 3754 morie,
430 3679 465 3735 et
479 3673 648 3739 Bertboidi
665 3673 774 3739 iratris
790 3671 936 3738 eiusdem
952 3677 1027 3737 tunc
1044 3669 1199 3756 temporis
1211 3666 1425 3734 Golocbcusis

301 3776 557 3863 Archiepiscopi,
571 3777 718 3863 judicum
734 3781 861 3846 scilicet
885 3781 928 3844 ab
945 3778 1079 3844 Andrea
1095 3779 1148 3864 pie
1165 3774 1318 3848 memorie
1335 3773 1425 3857 Rege
1496 3835 1499 3841 Δ

301 3885 538 3968 delegatorum,
549 3891 580 3948 et
591 3885 954 3952 arbitrorumDesiderii
965 3885 1040 3950 oiim
1050 3883 1206 3969 Episcopi
1217 3879 1424 3948 Obauadien·
1539 3953 1545 3962 Ι

305 3991 363 4076 sis,
374 3996 407 4058 et
421 3988 504 4056 Potb
515 3990 680 4073 quondam
687 3991 840 4075 Palatini,
848 3990 1063 4058 etAlexandri
1077 3987 1426 4073 SimigiensisComitis

301 4099 344 4167 ab
358 4089 495 4182 utraque
511 4103 605 4183 parte
621 4099 818 4182 electorum,
834 4118 928 4164 suam
944 4089 1187 4165 euidentissime
1204 4096 1424 4182 probauerunt

299 4206 517 4272 intencionem
534 4210 646 4272 contra
658 4205 856 4289 jobagieues
882 4211 915 4271 et
939 4207 1053 4273 ciuiles
1073 4205 1293 4273 Posouienses
1310 4221 1424 4289 supra-

301 4315 495 4397 nominatos,
511 4313 649 4398 turpiter
664 4334 685 4380 a
702 4313 815 4398 sepius
832 4313 911 4380 dicti
924 4313 1045 4397 J'udicis
1055 4313 1223 4380 sentencia
1233 4333 1321 4378 varra
1331 4309 1424 4376 aufu-

300 4423 429 4507 gientes
453 4420 712 4508 presumpcione,
740 4419 784 4495 ad
808 4429 954 4487 uestrum
969 4420 1125 4487 iudicium
1150 4419 1318 4486 adomiuo
1334 4418 1426 4508 Rege

301 4536 378 4599 suut
386 4529 524 4597 remissi.
539 4528 609 4596 Nos
619 4529 728 4616 igitur,
745 4529 824 4595 iicet
840 4527 967 4612 iusticie
983 4527 1207 4594 debuissemus
1217 4525 1329 4593 iacere
1341 4533 1426 4592 com·
