3154 5038
804 269 877 338 280

757 358 917 372 *—

275 469 454 538 secundum
470 469 575 554 Regni
593 469 695 535 nostri
712 465 980 534 consuetudinem
998 466 1155 532 hactenns
1180 466 1438 533 obseruatarn.

275 581 431 648 Pretcrea
447 577 606 644 decimam
622 583 748 662 partem
765 576 877 642 tributi
893 571 936 640 de
952 574 1025 642 Fulr
1042 581 1076 640 et
1090 575 1225 640 terciam
1240 572 1440 659 percipiat

277 685 362 752 idem
378 684 492 752 Abbas
509 685 638 752 nominc
654 685 704 750 sui
720 683 913 750 monosterii
930 681 1108 750 secundum
1135 684 1220 766 quod
1240 683 1434 747 hactenns

276 794 447 879 percipere
474 793 653 860 consueuit
685 791 842 860 Similiter
868 789 1027 856 decimam
1052 795 1085 856 et
1109 789 1246 856 terciam
1272 795 1430 871 partem

276 901 388 968 tributi
418 899 525 968 (lustri
554 899 759 983 simigiensis
790 897 961 982 percipiet,
993 899 1076 964 sicut
1110 895 1269 964 hactenus
1296 896 1429 961 extitit

278 1015 476 1076 consuetum.
509 1007 551 1072 Vt
567 1007 666 1090 igitur
680 1007 841 1092 premissa
858 1005 955 1070 robur
972 1005 1143 1070 obtineant
1167 1009 1329 1088 perpetue
1362 1001 1428 1066 fir·
1533 1067 1534 1080 p

278 1115 412 1200 mitads,
429 1121 599 1200 presentes
625 1114 844 1181 concessimus
861 1115 989 1179 litteras
1006 1110 1148 1196 duplicis
1173 1111 1274 1196 sigilli
1300 1110 1426 1177 nostri

279 1223 455 1290 munimine
471 1223 653 1290 roboratas.
681 1219 800 1287 Datum
828 1241 887 1305 per
910 1239 1025 1286 manus
1049 1217 1199 1304 magistri
1226 1217 1425 1302 Smaragdi

278 1329 433 1396 Albensis
452 1329 601 1396 Ecclesio
625 1329 787 1412 Propositi
819 1329 896 1394 aule
927 1333 1038 1394 nostre
1064 1325 1365 1393 vice-cancellarii
1385 1331 1426 1391 et

279 1435 383 1501 Eleoti
399 1443 432 1500 ln
449 1435 741 1520 Arcbiepisoopnm
768 1434 979 1502 Oolooensem
1010 1431 1120 1498 dilecti
1151 1431 1258 1520 fidelis
1290 1431 1424 1506 nostri,

280 1563 366 1608 anno
409 1543 540 1610 Domini
586 1543 743 1610 milesimo
777 1541 1002 1610 ducentesimo
1044 1539 1318 1624 quinquagesimo
1367 1561 1424 1606 sc-

280 1649 399 1735 ptimo,
415 1651 528 1732 quinto
559 1648 638 1716 Idus
669 1649 768 1730 Junii‚
788 1649 894 1732 Regni
924 1657 1033 1715 autem
1064 1647 1166 1714 nostri
1198 1665 1286 1712 enno
1318 1647 1419 1712 vice-

280 1758 364 1826 simo
380 1760 533 1826 secundo.

436 1951 582 2022 (Eredctie
595 1968 613 2006 a
624 1947 841 2008 ssent-mirtcni
854 1946 1011 2022 ldaprltsdg
1024 1945 1250 2018 lerdltdrriban.)

800 2569 877 2640 ¹88.

281 2747 301 2812 1
306 2747 340 2812 V.
357 2747 440 2812 Belo
454 2749 561 2834 ktrutp
577 2769 598 2812 a
617 2747 790 2813 duroozbo'l
805 2751 836 2812 de
861 2747 1008 2834 Ltptctbot
1022 2749 1202 2814 kttutruzotr
1226 2753 1316 2836 πόροι
1332 2754 1412 2816 vics-

280 2857 465 2952 ecadioctju,
484 2855 625 2921 coenat
641 2857 826 2922 bdrbirtolcot
841 2855 960 2936 roudol,
976 2857 1242 2960 eaabudedpoikut
1268 2861 1299 2921 c'a
1323 2859 1407 2925 tuo.

496 2963 671 3050 leoudpcikct
686 2964 932 3049 meybotdroczo.
950 2965 1049 3030 1257.
1057 2969 1131 3050 juo.
1150 2967 1202 3028 12.

386 3158 469 3226 Bela
485 3159 547 3225 Dei
572 3160 686 3244 gracie
702 3159 885 3244 Hungarie,
911 3158 1093 3244 Dalmacie,
1121 3159 1267 3244 Groaoie,
1290 3163 1404 3248 Rome,

281 3267 416 3351 Seruio,
432 3266 583 3348 Gellioic,
600 3265 791 3334 Lodomerie
801 3317 809 3350 ,
828 3264 1048 3349 Cumaniequc
1065 3269 1135 3334 Rex
1151 3267 1299 3335 omnibus
1316 3269 1406 3337 curi-

281 3373 323 3439 sti
340 3373 489 3444 bdelibus
506 3380 679 3459 presentes
698 3374 823 3439 littores
840 3375 1034 3456 inspecturis
1059 3375 1198 3440 salutern
1224 3376 1257 3440 in
1274 3394 1332 3458 eo,
1350 3379 1403 3459 qui

282 3489 333 3552 est
348 3485 437 3550 salus
449 3483 600 3550 omnium.
612 3481 779 3552 Oclsitndo
795 3481 900 3564 Regia
910 3488 942 3546 ct
956 3480 1142 3567 benignitas
1153 3482 1322 3550 libertates
1338 3485 1405 3552 suis

281 3587 420 3656 subditis
445 3589 635 3673 ordinatos,
662 3591 845 3658 litterarum
870 3609 1001 3656 suarum
1026 3589 1212 3656 testimonio
1238 3592 1405 3658 consueuit

185 3749 189 3756 .
282 3692 491 3780 confirmare,
520 3699 554 3760 ut
590 3695 751 3763 distinctis
778 3695 984 3762 libertatibus
1018 3714 1128 3762 eorum
1153 3697 1238 3762 ultra
1276 3699 1405 3782 grauari

281 3803 491 3886 nonpossint,
508 3821 605 3886 quam
616 3803 649 3868 in
660 3807 871 3872 concessione
880 3805 985 3887 Regia
995 3804 1038 3872 sit
1048 3823 1247 3890 expressum.
1264 3805 1403 3872 Proinde

282 3909 325 3976 ad
349 3909 573 3976 uniuersorum
591 3911 746 3977 noticiam
761 3913 913 3979 uolumus
934 3911 1118 3996 peruenire,
1135 3911 1309 3998 quodcum
1336 3913 1403 3998 plu·

281 4035 334 4086 res
349 4015 499 4086 homines
518 4017 558 4082 de
575 4019 706 4103 populis
723 4022 842 4088 nostris
859 4021 901 4088 do
916 4019 1027 4087 anch
1043 4029 1076 4084 et
1092 4021 1134 4088 de
1155 4022 1262 4106 Lypto
1290 4019 1404 4088 cuiuis·

283 4131 366 4208 sent,
383 4123 471 4190 etad
487 4123 626 4190 aliorum
637 4125 752 4209 predia
764 4125 1065 4213 luissentdispersi,
1081 4147 1139 4194 noa
1150 4129 1240 4213 ipsos
1250 4127 1403 4196 adterraa

281 4241 433 4316 nostres,
452 4229 554 4314 Zeqni
570 4231 725 4300 videlicet
740 4241 773 4300 et
789 4235 905 4322 Bolug,
923 4255 987 4318 quo
1003 4241 1078 4302 sunt
1094 4235 1155 4301 sub
1166 4233 1301 4319 Oorocb‚
1319 4235 1403 4302 simi·

282 4338 355 4406 liter
371 4339 463 4408 etad
479 4345 598 4409 terram
614 4337 861 4408 uduornicorum
879 4341 919 4408 de
944 4342 1046 4425 Zequi
1072 4347 1241 4427 exemptos
1268 4363 1289 4408 a
1314 4341 1402 4410 iuris·

283 4444 429 4512 diooionc
445 4447 557 4532 castri,
574 4447 735 4518 facientes
750 4450 918 4529 reuocari,
934 4452 1034 4518 talem
1061 4451 1109 4518 eis
1135 4452 1319 4518 libertatem
1344 4449 1397 4516 du·

282 4551 433 4620 duximus
465 4553 706 4623 ordinandamr
740 4554 833 4634 Quod
856 4574 959 4638 usque
985 4555 1028 4624 ad
1053 4557 1278 4642 recepcionem
1307 4555 1397 4624 trium
