<?xml version="1.0" encoding="UTF-8"?>
<!DOCTYPE html PUBLIC "-//W3C//DTD XHTML 1.0 Transitional//EN"
    "http://www.w3.org/TR/xhtml1/DTD/xhtml1-transitional.dtd">
<html xmlns="http://www.w3.org/1999/xhtml" xml:lang="en" lang="en">
 <head>
  <title>
</title>
<meta http-equiv="Content-Type" content="text/html;charset=utf-8" />
  <meta name='ocr-system' content='tesseract 3.04.00' />
  <meta name='ocr-capabilities' content='ocr_page ocr_carea ocr_par ocr_line ocrx_word'/>
</head>
<body>
  <div class='ocr_page' id='page_1' title='image "./codexdiplomatic11wenzgoog_0289.png"; bbox 0 0 3140 5044; ppageno 0'>
   <div class='ocr_carea' id='block_1_1' title="bbox 251 1044 1380 1242">
    <p class='ocr_par' dir='ltr' id='par_1_1' title="bbox 251 1044 1380 1242">
     <span class='ocr_line' id='line_1_1' title="bbox 251 1044 1380 1135; baseline -0.008 -16"><span class='ocrx_word' id='word_1_1' title='bbox 251 1051 274 1118; x_wconf 91' lang='grc' dir='ltr'><em>Ι</em></span> <span class='ocrx_word' id='word_1_2' title='bbox 277 1050 312 1118; x_wconf 84' lang='lat' dir='ltr'>V.</span> <span class='ocrx_word' id='word_1_3' title='bbox 329 1049 412 1118; x_wconf 70' lang='lat' dir='ltr'>Bata</span> <span class='ocrx_word' id='word_1_4' title='bbox 425 1046 533 1135; x_wconf 78' lang='lat' dir='ltr'>kirdly</span> <span class='ocrx_word' id='word_1_5' title='bbox 553 1047 782 1133; x_wconf 63' lang='lat' dir='ltr'>tdrcewkeeeai</span> <span class='ocrx_word' id='word_1_6' title='bbox 796 1044 996 1132; x_wconf 76' lang='lat' dir='ltr'>kieqyeclitde</span> <span class='ocrx_word' id='word_1_7' title='bbox 1011 1048 1146 1134; x_wconf 81' lang='lat' dir='ltr'>alupjda</span> <span class='ocrx_word' id='word_1_8' title='bbox 1166 1047 1343 1134; x_wconf 80' lang='lat' dir='ltr'>mepcrdss‘ls&#39;</span> <span class='ocrx_word' id='word_1_9' title='bbox 1358 1069 1380 1110; x_wconf 85' lang='lat' dir='ltr'>a</span> 
     </span>
     <span class='ocr_line' id='line_1_2' title="bbox 350 1151 1275 1242; baseline -0.005 -19"><span class='ocrx_word' id='word_1_10' title='bbox 350 1152 711 1242; x_wconf 72' lang='lat' dir='ltr'>bukoopbdliapdlsdpot</span> <span class='ocrx_word' id='word_1_11' title='bbox 726 1153 859 1219; x_wconf 81' lang='lat' dir='ltr'>Endred</span> <span class='ocrx_word' id='word_1_12' title='bbox 867 1151 947 1238; x_wconf 80' lang='lat' dir='ltr'>fo’ld</span> <span class='ocrx_word' id='word_1_13' title='bbox 962 1152 1157 1220; x_wconf 74' lang='lat' dir='ltr'>dirtokdduo.</span> <span class='ocrx_word' id='word_1_14' title='bbox 1176 1155 1275 1219; x_wconf 82' lang='lat'><strong><em>1256.</em></strong></span> 
     </span>
    </p>
   </div>
   <div class='ocr_carea' id='block_1_2' title="bbox 252 1327 1378 2385">
    <p class='ocr_par' dir='ltr' id='par_1_2' title="bbox 252 1327 1378 2385">
     <span class='ocr_line' id='line_1_3' title="bbox 359 1327 1378 1418; baseline -0.004 -17"><span class='ocrx_word' id='word_1_15' title='bbox 359 1334 443 1401; x_wconf 90' lang='lat' dir='ltr'>Bela</span> <span class='ocrx_word' id='word_1_16' title='bbox 466 1331 529 1400; x_wconf 90' lang='lat' dir='ltr'>Dei</span> <span class='ocrx_word' id='word_1_17' title='bbox 545 1329 654 1417; x_wconf 81' lang='lat' dir='ltr'>gratia</span> <span class='ocrx_word' id='word_1_18' title='bbox 670 1331 830 1416; x_wconf 80' lang='lat' dir='ltr'>Vngarie‚</span> <span class='ocrx_word' id='word_1_19' title='bbox 853 1327 1045 1418; x_wconf 91' lang='lat' dir='ltr'>Dalmacie,</span> <span class='ocrx_word' id='word_1_20' title='bbox 1075 1329 1229 1416; x_wconf 83' lang='lat' dir='ltr'>Croucie‚</span> <span class='ocrx_word' id='word_1_21' title='bbox 1262 1332 1378 1414; x_wconf 82' lang='lat' dir='ltr'>Reme,</span> 
     </span>
     <span class='ocr_line' id='line_1_4' title="bbox 252 1436 1378 1524; baseline -0.006 -12"><span class='ocrx_word' id='word_1_22' title='bbox 252 1441 378 1524; x_wconf 85' lang='lat' dir='ltr'>Seruio,</span> <span class='ocrx_word' id='word_1_23' title='bbox 395 1438 544 1523; x_wconf 78' lang='lat' dir='ltr'>Gallicis,</span> <span class='ocrx_word' id='word_1_24' title='bbox 556 1436 760 1518; x_wconf 87' lang='lat' dir='ltr'>Lodomerie,</span> <span class='ocrx_word' id='word_1_25' title='bbox 777 1437 997 1521; x_wconf 84' lang='lat' dir='ltr'>Cumanieque</span> <span class='ocrx_word' id='word_1_26' title='bbox 1007 1441 1077 1505; x_wconf 83' lang='lat' dir='ltr'>Rex</span> <span class='ocrx_word' id='word_1_27' title='bbox 1092 1437 1239 1506; x_wconf 89' lang='lat' dir='ltr'>omnibus</span> <span class='ocrx_word' id='word_1_28' title='bbox 1256 1438 1378 1506; x_wconf 88' lang='lat' dir='ltr'>Christi</span> 
     </span>
     <span class='ocr_line' id='line_1_5' title="bbox 252 1545 1375 1632; baseline -0.004 -16"><span class='ocrx_word' id='word_1_29' title='bbox 252 1545 403 1616; x_wconf 77' lang='lat' dir='ltr'>fidelibus</span> <span class='ocrx_word' id='word_1_30' title='bbox 422 1553 489 1614; x_wconf 88' lang='lat' dir='ltr'>tam</span> <span class='ocrx_word' id='word_1_31' title='bbox 500 1545 706 1632; x_wconf 73' lang='lat' dir='ltr'>presentibus</span> <span class='ocrx_word' id='word_1_32' title='bbox 721 1564 819 1629; x_wconf 89' lang='lat' dir='ltr'>quam</span> <span class='ocrx_word' id='word_1_33' title='bbox 831 1545 947 1612; x_wconf 83' lang='lat' dir='ltr'>futuris</span> <span class='ocrx_word' id='word_1_34' title='bbox 957 1553 1143 1632; x_wconf 78' lang='lat' dir='ltr'><strong>presentem</strong></span> <span class='ocrx_word' id='word_1_35' title='bbox 1155 1546 1309 1632; x_wconf 84' lang='lat' dir='ltr'>paginam</span> <span class='ocrx_word' id='word_1_36' title='bbox 1326 1545 1375 1612; x_wconf 90' lang='lat' dir='ltr'>in-</span> 
     </span>
     <span class='ocr_line' id='line_1_6' title="bbox 253 1651 1377 1743; baseline -0.006 -18"><span class='ocrx_word' id='word_1_37' title='bbox 253 1657 414 1743; x_wconf 88' lang='lat' dir='ltr'>specturis</span> <span class='ocrx_word' id='word_1_38' title='bbox 431 1654 570 1722; x_wconf 90' lang='lat' dir='ltr'>salutem</span> <span class='ocrx_word' id='word_1_39' title='bbox 591 1655 624 1721; x_wconf 92' lang='lat' dir='ltr'>in</span> <span class='ocrx_word' id='word_1_40' title='bbox 640 1654 782 1721; x_wconf 91' lang='lat' dir='ltr'>omnium</span> <span class='ocrx_word' id='word_1_41' title='bbox 797 1651 979 1721; x_wconf 88' lang='lat' dir='ltr'>Saluatore.</span> <span class='ocrx_word' id='word_1_42' title='bbox 995 1655 1100 1722; x_wconf 77' lang='lat' dir='ltr'>iustis</span> <span class='ocrx_word' id='word_1_43' title='bbox 1120 1653 1304 1739; x_wconf 88' lang='lat' dir='ltr'>petencium</span> <span class='ocrx_word' id='word_1_44' title='bbox 1320 1652 1377 1719; x_wconf 89' lang='lat' dir='ltr'>de-</span> 
     </span>
     <span class='ocr_line' id='line_1_7' title="bbox 254 1760 1376 1846; baseline -0.005 -14"><span class='ocrx_word' id='word_1_45' title='bbox 254 1763 383 1833; x_wconf 75' lang='lat' dir='ltr'>sideriis</span> <span class='ocrx_word' id='word_1_46' title='bbox 399 1760 561 1846; x_wconf 91' lang='lat' dir='ltr'>Principis</span> <span class='ocrx_word' id='word_1_47' title='bbox 585 1761 729 1828; x_wconf 90' lang='lat' dir='ltr'>animum</span> <span class='ocrx_word' id='word_1_48' title='bbox 745 1761 896 1828; x_wconf 87' lang='lat' dir='ltr'>inclinari</span> <span class='ocrx_word' id='word_1_49' title='bbox 912 1761 993 1828; x_wconf 89' lang='lat' dir='ltr'>crdo</span> <span class='ocrx_word' id='word_1_50' title='bbox 1010 1761 1091 1828; x_wconf 91' lang='lat' dir='ltr'>iuris</span> <span class='ocrx_word' id='word_1_51' title='bbox 1111 1769 1143 1828; x_wconf 89' lang='lat' dir='ltr'>et</span> <span class='ocrx_word' id='word_1_52' title='bbox 1160 1761 1254 1846; x_wconf 83' lang='lat' dir='ltr'>vigor</span> <span class='ocrx_word' id='word_1_53' title='bbox 1271 1762 1376 1846; x_wconf 82' lang='lat' dir='ltr'>exigit</span> 
     </span>
     <span class='ocr_line' id='line_1_8' title="bbox 254 1867 1376 1958; baseline -0.007 -16"><span class='ocrx_word' id='word_1_54' title='bbox 254 1871 418 1958; x_wconf 74' lang='lat' dir='ltr'>equitatis,</span> <span class='ocrx_word' id='word_1_55' title='bbox 433 1867 608 1936; x_wconf 89' lang='lat' dir='ltr'>dummodo</span> <span class='ocrx_word' id='word_1_56' title='bbox 623 1868 711 1952; x_wconf 89' lang='lat' dir='ltr'>quod</span> <span class='ocrx_word' id='word_1_57' title='bbox 727 1869 859 1956; x_wconf 89' lang='lat' dir='ltr'>petitur,</span> <span class='ocrx_word' id='word_1_58' title='bbox 875 1869 1002 1935; x_wconf 87' lang='lat' dir='ltr'>iusticie</span> <span class='ocrx_word' id='word_1_59' title='bbox 1018 1888 1083 1935; x_wconf 91' lang='lat' dir='ltr'>uon</span> <span class='ocrx_word' id='word_1_60' title='bbox 1100 1868 1222 1952; x_wconf 88' lang='lat' dir='ltr'>obuiet,</span> <span class='ocrx_word' id='word_1_61' title='bbox 1238 1887 1300 1935; x_wconf 89' lang='lat' dir='ltr'>nee</span> <span class='ocrx_word' id='word_1_62' title='bbox 1312 1868 1376 1934; x_wconf 93' lang='lat' dir='ltr'>iuri</span> 
     </span>
     <span class='ocr_line' id='line_1_9' title="bbox 254 1969 1378 2066; baseline -0.005 -18"><span class='ocrx_word' id='word_1_63' title='bbox 254 1977 437 2066; x_wconf 88' lang='lat' dir='ltr'>preiudicet</span> <span class='ocrx_word' id='word_1_64' title='bbox 453 1976 572 2044; x_wconf 90' lang='lat' dir='ltr'>alieno.</span> <span class='ocrx_word' id='word_1_65' title='bbox 589 1974 730 2043; x_wconf 79' lang='lat' dir='ltr'>Proinde</span> <span class='ocrx_word' id='word_1_66' title='bbox 755 1974 798 2041; x_wconf 92' lang='lat' dir='ltr'>ad</span> <span class='ocrx_word' id='word_1_67' title='bbox 813 1969 1036 2044; x_wconf 78' lang='lat' dir='ltr'>uniuersorum</span> <span class='ocrx_word' id='word_1_68' title='bbox 1052 1975 1210 2043; x_wconf 82' lang='lat' dir='ltr'>noticiam</span> <span class='ocrx_word' id='word_1_69' title='bbox 1226 1979 1378 2043; x_wconf 83' lang='lat' dir='ltr'>volumus</span> 
     </span>
     <span class='ocr_line' id='line_1_10' title="bbox 254 2082 1376 2176; baseline -0.003 -22"><span class='ocrx_word' id='word_1_70' title='bbox 254 2085 437 2176; x_wconf 90' lang='lat' dir='ltr'>peruenire,</span> <span class='ocrx_word' id='word_1_71' title='bbox 454 2083 540 2169; x_wconf 89' lang='lat' dir='ltr'>quod</span> <span class='ocrx_word' id='word_1_72' title='bbox 555 2082 662 2150; x_wconf 89' lang='lat' dir='ltr'>fidelis</span> <span class='ocrx_word' id='word_1_73' title='bbox 678 2089 789 2151; x_wconf 92' lang='lat' dir='ltr'>noster</span> <span class='ocrx_word' id='word_1_74' title='bbox 812 2084 958 2152; x_wconf 82' lang='lat' dir='ltr'>lacobus</span> <span class='ocrx_word' id='word_1_75' title='bbox 974 2085 1089 2154; x_wconf 86' lang='lat' dir='ltr'>Abbas</span> <span class='ocrx_word' id='word_1_76' title='bbox 1105 2085 1147 2154; x_wconf 91' lang='lat' dir='ltr'>de</span> <span class='ocrx_word' id='word_1_77' title='bbox 1163 2085 1243 2152; x_wconf 90' lang='lat' dir='ltr'>Beel</span> <span class='ocrx_word' id='word_1_78' title='bbox 1259 2085 1302 2152; x_wconf 86' lang='lat' dir='ltr'>ad</span> <span class='ocrx_word' id='word_1_79' title='bbox 1317 2105 1376 2151; x_wconf 92' lang='lat' dir='ltr'>uo·</span> 
     </span>
     <span class='ocr_line' id='line_1_11' title="bbox 252 2189 1377 2277; baseline -0.006 -15"><span class='ocrx_word' id='word_1_80' title='bbox 252 2199 353 2263; x_wconf 91' lang='lat' dir='ltr'>stram</span> <span class='ocrx_word' id='word_1_81' title='bbox 377 2189 568 2260; x_wconf 87' lang='lat' dir='ltr'>accedendo</span> <span class='ocrx_word' id='word_1_82' title='bbox 591 2191 797 2277; x_wconf 88' lang='lat' dir='ltr'>presenciam</span> <span class='ocrx_word' id='word_1_83' title='bbox 822 2210 921 2276; x_wconf 89' lang='lat' dir='ltr'>super</span> <span class='ocrx_word' id='word_1_84' title='bbox 937 2191 1024 2258; x_wconf 83' lang='lat' dir='ltr'>lacto</span> <span class='ocrx_word' id='word_1_85' title='bbox 1040 2199 1126 2259; x_wconf 85' lang='lat' dir='ltr'>terre</span> <span class='ocrx_word' id='word_1_86' title='bbox 1144 2190 1298 2260; x_wconf 79' lang='lat' dir='ltr'>Endreed</span> <span class='ocrx_word' id='word_1_87' title='bbox 1315 2210 1377 2256; x_wconf 90' lang='lat' dir='ltr'>ex·</span> 
     </span>
     <span class='ocr_line' id='line_1_12' title="bbox 255 2295 1376 2385; baseline -0.005 -14"><span class='ocrx_word' id='word_1_88' title='bbox 255 2300 385 2371; x_wconf 88' lang='lat' dir='ltr'>istcntis</span> <span class='ocrx_word' id='word_1_89' title='bbox 401 2299 493 2367; x_wconf 79' lang='lat' dir='ltr'>iuxta</span> <span class='ocrx_word' id='word_1_90' title='bbox 503 2297 615 2364; x_wconf 84' lang='lat' dir='ltr'>villum</span> <span class='ocrx_word' id='word_1_91' title='bbox 626 2295 743 2381; x_wconf 89' lang='lat' dir='ltr'>Beche,</span> <span class='ocrx_word' id='word_1_92' title='bbox 761 2317 859 2385; x_wconf 89' lang='lat' dir='ltr'>super</span> <span class='ocrx_word' id='word_1_93' title='bbox 870 2297 1030 2381; x_wconf 89' lang='lat' dir='ltr'>quainter</span> <span class='ocrx_word' id='word_1_94' title='bbox 1044 2299 1152 2382; x_wconf 87' lang='lat' dir='ltr'>ipsum</span> <span class='ocrx_word' id='word_1_95' title='bbox 1168 2307 1201 2364; x_wconf 89' lang='lat' dir='ltr'>et</span> <span class='ocrx_word' id='word_1_96' title='bbox 1217 2299 1376 2366; x_wconf 88' lang='lat' dir='ltr'>Comitem</span> 
     </span>
    </p>
   </div>
   <div class='ocr_carea' id='block_1_3' title="bbox 255 2403 1499 2495">
    <p class='ocr_par' dir='ltr' id='par_1_3' title="bbox 255 2403 1499 2495">
     <span class='ocr_line' id='line_1_13' title="bbox 255 2403 1499 2495; baseline -0.006 -20"><span class='ocrx_word' id='word_1_97' title='bbox 255 2407 452 2495; x_wconf 84' lang='lat' dir='ltr'>Dyonisium</span> <span class='ocrx_word' id='word_1_98' title='bbox 468 2404 596 2491; x_wconf 79' lang='lat' dir='ltr'>questio</span> <span class='ocrx_word' id='word_1_99' title='bbox 612 2408 686 2470; x_wconf 90' lang='lat' dir='ltr'>orta</span> <span class='ocrx_word' id='word_1_100' title='bbox 696 2403 811 2487; x_wconf 87' lang='lat' dir='ltr'>luerat,</span> <span class='ocrx_word' id='word_1_101' title='bbox 830 2403 979 2471; x_wconf 89' lang='lat' dir='ltr'>exhibuit</span> <span class='ocrx_word' id='word_1_102' title='bbox 988 2403 1083 2470; x_wconf 90' lang='lat' dir='ltr'>uobis</span> <span class='ocrx_word' id='word_1_103' title='bbox 1099 2405 1228 2471; x_wconf 79' lang='lat' dir='ltr'>litteras</span> <span class='ocrx_word' id='word_1_104' title='bbox 1243 2403 1375 2488; x_wconf 86' lang='lat' dir='ltr'>Vespri·</span> <span class='ocrx_word' id='word_1_105' title='bbox 1496 2409 1499 2416; x_wconf 88' lang='lat'>&#39;</span> 
     </span>
    </p>
   </div>
   <div class='ocr_carea' id='block_1_4' title="bbox 254 2511 1378 3890">
    <p class='ocr_par' dir='ltr' id='par_1_4' title="bbox 254 2511 1053 2600">
     <span class='ocr_line' id='line_1_14' title="bbox 254 2511 1053 2600; baseline -0.006 -18"><span class='ocrx_word' id='word_1_106' title='bbox 254 2513 389 2583; x_wconf 88' lang='lat' dir='ltr'>miensis</span> <span class='ocrx_word' id='word_1_107' title='bbox 405 2511 548 2600; x_wconf 90' lang='lat' dir='ltr'>Capituli</span> <span class='ocrx_word' id='word_1_108' title='bbox 562 2511 646 2578; x_wconf 88' lang='lat' dir='ltr'>huno</span> <span class='ocrx_word' id='word_1_109' title='bbox 661 2516 804 2578; x_wconf 87' lang='lat' dir='ltr'>tenorem</span> <span class='ocrx_word' id='word_1_110' title='bbox 821 2511 1027 2582; x_wconf 78' lang='lat' dir='ltr'>continentes</span> <span class='ocrx_word' id='word_1_111' title='bbox 1045 2535 1053 2577; x_wconf 75' lang='grc' dir='ltr'><strong>ε</strong></span> 
     </span>
    </p>

    <p class='ocr_par' dir='ltr' id='par_1_5' title="bbox 254 2617 1378 3117">
     <span class='ocr_line' id='line_1_15' title="bbox 363 2617 1378 2702; baseline -0.001 -16"><span class='ocrx_word' id='word_1_112' title='bbox 363 2619 649 2687; x_wconf 79' lang='lat' dir='ltr'>Excellentissimo</span> <span class='ocrx_word' id='word_1_113' title='bbox 679 2618 819 2684; x_wconf 90' lang='lat' dir='ltr'>Domino</span> <span class='ocrx_word' id='word_1_114' title='bbox 845 2617 882 2683; x_wconf 91' lang='lat' dir='ltr'>B.</span> <span class='ocrx_word' id='word_1_115' title='bbox 913 2618 976 2684; x_wconf 90' lang='lat' dir='ltr'>Dei</span> <span class='ocrx_word' id='word_1_116' title='bbox 1000 2618 1113 2702; x_wconf 80' lang='lat' dir='ltr'>gracia</span> <span class='ocrx_word' id='word_1_117' title='bbox 1146 2618 1268 2684; x_wconf 84' lang='lat' dir='ltr'>illustri</span> <span class='ocrx_word' id='word_1_118' title='bbox 1291 2619 1378 2702; x_wconf 77' lang='lat' dir='ltr'>Regi</span> 
     </span>
     <span class='ocr_line' id='line_1_16' title="bbox 255 2723 1377 2814; baseline -0.004 -18"><span class='ocrx_word' id='word_1_119' title='bbox 255 2727 423 2814; x_wconf 82' lang='lat' dir='ltr'>Hungurie</span> <span class='ocrx_word' id='word_1_120' title='bbox 440 2725 626 2813; x_wconf 76' lang='lat' dir='ltr'>Capitulum</span> <span class='ocrx_word' id='word_1_121' title='bbox 642 2723 897 2812; x_wconf 79' lang='lat' dir='ltr'>vesprimiensis</span> <span class='ocrx_word' id='word_1_122' title='bbox 914 2723 1063 2792; x_wconf 82' lang='lat' dir='ltr'>Ecclesie</span> <span class='ocrx_word' id='word_1_123' title='bbox 1079 2726 1251 2793; x_wconf 78' lang='lat' dir='ltr'>oraciones</span> <span class='ocrx_word' id='word_1_124' title='bbox 1267 2725 1299 2792; x_wconf 91' lang='lat' dir='ltr'>in</span> <span class='ocrx_word' id='word_1_125' title='bbox 1309 2726 1377 2792; x_wconf 87' lang='lat' dir='ltr'>Do·</span> 
     </span>
     <span class='ocr_line' id='line_1_17' title="bbox 254 2831 1376 2919; baseline -0.005 -15"><span class='ocrx_word' id='word_1_126' title='bbox 254 2836 342 2904; x_wconf 88' lang='lat' dir='ltr'>mino</span> <span class='ocrx_word' id='word_1_127' title='bbox 358 2833 485 2903; x_wconf 82' lang='lat' dir='ltr'>debitas</span> <span class='ocrx_word' id='word_1_128' title='bbox 511 2839 544 2900; x_wconf 91' lang='lat' dir='ltr'>et</span> <span class='ocrx_word' id='word_1_129' title='bbox 568 2831 715 2903; x_wconf 87' lang='lat' dir='ltr'>denotas.</span> <span class='ocrx_word' id='word_1_130' title='bbox 742 2832 886 2899; x_wconf 86' lang='lat' dir='ltr'>Litteras</span> <span class='ocrx_word' id='word_1_131' title='bbox 901 2831 1112 2900; x_wconf 78' lang='lat' dir='ltr'>Excelleucie</span> <span class='ocrx_word' id='word_1_132' title='bbox 1131 2840 1238 2900; x_wconf 76' lang='lat' dir='ltr'>vestre</span> <span class='ocrx_word' id='word_1_133' title='bbox 1253 2832 1376 2919; x_wconf 88' lang='lat' dir='ltr'>recepi-</span> 
     </span>
     <span class='ocr_line' id='line_1_18' title="bbox 255 2939 1377 3029; baseline -0.004 -20"><span class='ocrx_word' id='word_1_134' title='bbox 255 2960 327 3009; x_wconf 90' lang='lat' dir='ltr'>mus</span> <span class='ocrx_word' id='word_1_135' title='bbox 350 2941 539 3008; x_wconf 89' lang='lat' dir='ltr'>mandatum</span> <span class='ocrx_word' id='word_1_136' title='bbox 563 2960 604 3009; x_wconf 86' lang='lat' dir='ltr'>ac</span> <span class='ocrx_word' id='word_1_137' title='bbox 628 2945 817 3029; x_wconf 85' lang='lat' dir='ltr'>preceptum</span> <span class='ocrx_word' id='word_1_138' title='bbox 842 2945 986 3009; x_wconf 86' lang='lat' dir='ltr'>vestrum</span> <span class='ocrx_word' id='word_1_139' title='bbox 998 2939 1203 3008; x_wconf 89' lang='lat' dir='ltr'>continentes</span> <span class='ocrx_word' id='word_1_140' title='bbox 1227 2940 1377 3008; x_wconf 89' lang='lat' dir='ltr'>subhac</span> 
     </span>
     <span class='ocr_line' id='line_1_19' title="bbox 256 3048 380 3117; baseline -0.032 0"><span class='ocrx_word' id='word_1_141' title='bbox 256 3048 380 3117; x_wconf 80' lang='lat' dir='ltr'>forma:</span> 
     </span>
    </p>

    <p class='ocr_par' dir='ltr' id='par_1_6' title="bbox 254 3151 1377 3890">
     <span class='ocr_line' id='line_1_20' title="bbox 362 3151 1377 3240; baseline -0.002 -17"><span class='ocrx_word' id='word_1_142' title='bbox 362 3155 401 3223; x_wconf 93' lang='lat' dir='ltr'>ln</span> <span class='ocrx_word' id='word_1_143' title='bbox 416 3151 536 3240; x_wconf 90' lang='lat' dir='ltr'>duello,</span> <span class='ocrx_word' id='word_1_144' title='bbox 547 3152 635 3239; x_wconf 89' lang='lat' dir='ltr'>quod</span> <span class='ocrx_word' id='word_1_145' title='bbox 658 3155 741 3220; x_wconf 92' lang='lat' dir='ltr'>inter</span> <span class='ocrx_word' id='word_1_146' title='bbox 755 3154 919 3223; x_wconf 81' lang='lat' dir='ltr'>Abbstem</span> <span class='ocrx_word' id='word_1_147' title='bbox 935 3151 975 3221; x_wconf 91' lang='lat' dir='ltr'>de</span> <span class='ocrx_word' id='word_1_148' title='bbox 992 3155 1072 3223; x_wconf 92' lang='lat' dir='ltr'>Beel</span> <span class='ocrx_word' id='word_1_149' title='bbox 1088 3174 1128 3222; x_wconf 85' lang='lat' dir='ltr'>ex</span> <span class='ocrx_word' id='word_1_150' title='bbox 1144 3175 1209 3222; x_wconf 88' lang='lat' dir='ltr'>vna</span> <span class='ocrx_word' id='word_1_151' title='bbox 1225 3162 1326 3240; x_wconf 88' lang='lat' dir='ltr'>parte,</span> <span class='ocrx_word' id='word_1_152' title='bbox 1343 3162 1377 3222; x_wconf 92' lang='lat' dir='ltr'>et</span> 
     </span>
     <span class='ocr_line' id='line_1_21' title="bbox 254 3259 1376 3350; baseline -0.001 -21"><span class='ocrx_word' id='word_1_153' title='bbox 254 3260 448 3350; x_wconf 83' lang='lat' dir='ltr'>Dyonisium</span> <span class='ocrx_word' id='word_1_154' title='bbox 465 3260 622 3329; x_wconf 77' lang='lat' dir='ltr'>Comitem</span> <span class='ocrx_word' id='word_1_155' title='bbox 638 3259 738 3328; x_wconf 83' lang='lat' dir='ltr'>filium</span> <span class='ocrx_word' id='word_1_156' title='bbox 754 3261 863 3328; x_wconf 89' lang='lat' dir='ltr'>Beche</span> <span class='ocrx_word' id='word_1_157' title='bbox 881 3279 979 3347; x_wconf 88' lang='lat' dir='ltr'>super</span> <span class='ocrx_word' id='word_1_158' title='bbox 989 3267 1076 3328; x_wconf 92' lang='lat' dir='ltr'>terra</span> <span class='ocrx_word' id='word_1_159' title='bbox 1085 3259 1217 3328; x_wconf 76' lang='lat' dir='ltr'>lindred</span> <span class='ocrx_word' id='word_1_160' title='bbox 1231 3261 1376 3330; x_wconf 88' lang='lat' dir='ltr'>habeba-</span> 
     </span>
     <span class='ocr_line' id='line_1_22' title="bbox 255 3368 1376 3455; baseline -0.004 -17"><span class='ocrx_word' id='word_1_161' title='bbox 255 3377 306 3438; x_wconf 90' lang='lat' dir='ltr'>tur</span> <span class='ocrx_word' id='word_1_162' title='bbox 321 3390 364 3438; x_wconf 86' lang='lat' dir='ltr'>ex</span> <span class='ocrx_word' id='word_1_163' title='bbox 379 3372 483 3438; x_wconf 89' lang='lat' dir='ltr'>altera</span> <span class='ocrx_word' id='word_1_164' title='bbox 493 3419 502 3455; x_wconf 93' lang='lat'><em>,</em></span> <span class='ocrx_word' id='word_1_165' title='bbox 527 3389 587 3455; x_wconf 91' lang='lat' dir='ltr'>per</span> <span class='ocrx_word' id='word_1_166' title='bbox 611 3368 724 3438; x_wconf 85' lang='lat' dir='ltr'>fideles</span> <span class='ocrx_word' id='word_1_167' title='bbox 749 3374 880 3437; x_wconf 90' lang='lat' dir='ltr'>nostros</span> <span class='ocrx_word' id='word_1_168' title='bbox 896 3371 932 3436; x_wconf 91' lang='grc' dir='ltr'>Β.</span> <span class='ocrx_word' id='word_1_169' title='bbox 950 3369 1109 3437; x_wconf 85' lang='lat' dir='ltr'>Comitem</span> <span class='ocrx_word' id='word_1_170' title='bbox 1134 3369 1376 3437; x_wconf 83' lang='lat' dir='ltr'>Musuniensem</span> 
     </span>
     <span class='ocr_line' id='line_1_23' title="bbox 256 3461 1375 3571; baseline -0.004 -25"><span class='ocrx_word' id='word_1_171' title='bbox 256 3484 289 3546; x_wconf 86' lang='lat' dir='ltr'>et</span> <span class='ocrx_word' id='word_1_172' title='bbox 303 3477 345 3546; x_wconf 75' lang='lat' dir='ltr'>N.</span> <span class='ocrx_word' id='word_1_173' title='bbox 360 3461 553 3565; x_wconf 70' lang='lat' dir='ltr'>Magistrum</span> <span class='ocrx_word' id='word_1_174' title='bbox 569 3475 800 3564; x_wconf 85' lang='lat' dir='ltr'>Dapifercrum</span> <span class='ocrx_word' id='word_1_175' title='bbox 831 3477 979 3564; x_wconf 87' lang='lat' dir='ltr'>partibus</span> <span class='ocrx_word' id='word_1_176' title='bbox 1001 3477 1286 3544; x_wconf 87' lang='lat' dir='ltr'>consencientibus</span> <span class='ocrx_word' id='word_1_177' title='bbox 1302 3477 1375 3571; x_wconf 84' lang='lat' dir='ltr'>tali-</span> 
     </span>
     <span class='ocr_line' id='line_1_24' title="bbox 255 3584 1376 3654; baseline -0.002 0"><span class='ocrx_word' id='word_1_178' title='bbox 255 3591 306 3654; x_wconf 89' lang='lat' dir='ltr'>ter</span> <span class='ocrx_word' id='word_1_179' title='bbox 322 3585 431 3653; x_wconf 83' lang='lat' dir='ltr'>extitit</span> <span class='ocrx_word' id='word_1_180' title='bbox 456 3585 661 3654; x_wconf 81' lang='lat' dir='ltr'>ordinatum:</span> <span class='ocrx_word' id='word_1_181' title='bbox 696 3586 738 3652; x_wconf 88' lang='lat' dir='ltr'>vt</span> <span class='ocrx_word' id='word_1_182' title='bbox 765 3585 852 3653; x_wconf 88' lang='lat' dir='ltr'>idem</span> <span class='ocrx_word' id='word_1_183' title='bbox 871 3584 983 3654; x_wconf 85' lang='lat' dir='ltr'>Abbas</span> <span class='ocrx_word' id='word_1_184' title='bbox 1000 3605 1073 3652; x_wconf 91' lang='lat' dir='ltr'>cum</span> <span class='ocrx_word' id='word_1_185' title='bbox 1088 3605 1151 3653; x_wconf 87' lang='lat' dir='ltr'>vno</span> <span class='ocrx_word' id='word_1_186' title='bbox 1168 3584 1301 3652; x_wconf 83' lang='lat' dir='ltr'>osticiali</span> <span class='ocrx_word' id='word_1_187' title='bbox 1317 3603 1376 3652; x_wconf 91' lang='lat' dir='ltr'>suo</span> 
     </span>
     <span class='ocr_line' id='line_1_25' title="bbox 257 3691 1373 3782; baseline -0.001 -23"><span class='ocrx_word' id='word_1_188' title='bbox 257 3691 369 3779; x_wconf 90' lang='lat' dir='ltr'>quinte</span> <span class='ocrx_word' id='word_1_189' title='bbox 385 3693 439 3761; x_wconf 89' lang='lat' dir='ltr'>dio</span> <span class='ocrx_word' id='word_1_190' title='bbox 464 3699 539 3782; x_wconf 88' lang='lat' dir='ltr'>post</span> <span class='ocrx_word' id='word_1_191' title='bbox 564 3699 700 3761; x_wconf 85' lang='lat' dir='ltr'>octauas</span> <span class='ocrx_word' id='word_1_192' title='bbox 724 3691 820 3760; x_wconf 88' lang='lat' dir='ltr'>Beati</span> <span class='ocrx_word' id='word_1_193' title='bbox 845 3691 1017 3760; x_wconf 87' lang='lat' dir='ltr'>Michaelis</span> <span class='ocrx_word' id='word_1_194' title='bbox 1042 3693 1076 3760; x_wconf 93' lang='lat' dir='ltr'>in</span> <span class='ocrx_word' id='word_1_195' title='bbox 1091 3693 1243 3761; x_wconf 82' lang='lat' dir='ltr'>Ecclesia</span> <span class='ocrx_word' id='word_1_196' title='bbox 1260 3693 1373 3759; x_wconf 86' lang='lat' dir='ltr'>Sancti</span> 
     </span>
     <span class='ocr_line' id='line_1_26' title="bbox 257 3799 1376 3890; baseline 0.001 -21"><span class='ocrx_word' id='word_1_197' title='bbox 257 3799 418 3869; x_wconf 78' lang='lat' dir='ltr'>iohannis</span> <span class='ocrx_word' id='word_1_198' title='bbox 429 3799 600 3889; x_wconf 81' lang='lat' dir='ltr'>dePolyau</span> <span class='ocrx_word' id='word_1_199' title='bbox 610 3809 759 3890; x_wconf 87' lang='lat' dir='ltr'>prestare</span> <span class='ocrx_word' id='word_1_200' title='bbox 770 3801 890 3868; x_wconf 90' lang='lat' dir='ltr'>debeat</span> <span class='ocrx_word' id='word_1_201' title='bbox 900 3807 1188 3886; x_wconf 89' lang='lat' dir='ltr'>sacramentum,vt</span> <span class='ocrx_word' id='word_1_202' title='bbox 1198 3821 1376 3886; x_wconf 89' lang='lat' dir='ltr'>quamcun-</span> 
     </span>
    </p>
   </div>
   <div class='ocr_carea' id='block_1_5' title="bbox 254 3905 1379 4644">
    <p class='ocr_par' dir='ltr' id='par_1_7' title="bbox 254 3905 1379 4644">
     <span class='ocr_line' id='line_1_27' title="bbox 258 3905 1377 3999; baseline 0.004 -25"><span class='ocrx_word' id='word_1_203' title='bbox 258 3925 320 3994; x_wconf 88' lang='lat' dir='ltr'>que</span> <span class='ocrx_word' id='word_1_204' title='bbox 335 3905 375 3975; x_wconf 90' lang='lat' dir='ltr'>de</span> <span class='ocrx_word' id='word_1_205' title='bbox 391 3907 451 3976; x_wconf 88' lang='lat' dir='ltr'>illa</span> <span class='ocrx_word' id='word_1_206' title='bbox 481 3915 587 3994; x_wconf 89' lang='lat' dir='ltr'>terra,</span> <span class='ocrx_word' id='word_1_207' title='bbox 619 3925 716 3994; x_wconf 89' lang='lat' dir='ltr'>quam</span> <span class='ocrx_word' id='word_1_208' title='bbox 741 3909 855 3977; x_wconf 83' lang='lat' dir='ltr'>Abbes</span> <span class='ocrx_word' id='word_1_209' title='bbox 882 3929 955 3976; x_wconf 90' lang='lat' dir='ltr'>cum</span> <span class='ocrx_word' id='word_1_210' title='bbox 971 3909 1057 3978; x_wconf 85' lang='lat' dir='ltr'>dicto</span> <span class='ocrx_word' id='word_1_211' title='bbox 1074 3910 1200 3979; x_wconf 88' lang='lat' dir='ltr'>Comite</span> <span class='ocrx_word' id='word_1_212' title='bbox 1214 3909 1377 3999; x_wconf 80' lang='lat' dir='ltr'>Dyonisio</span> 
     </span>
     <span class='ocr_line' id='line_1_28' title="bbox 256 4016 1376 4105; baseline 0.001 -21"><span class='ocrx_word' id='word_1_213' title='bbox 256 4016 387 4084; x_wconf 90' lang='lat' dir='ltr'>nomine</span> <span class='ocrx_word' id='word_1_214' title='bbox 402 4021 488 4085; x_wconf 90' lang='lat' dir='ltr'>terre</span> <span class='ocrx_word' id='word_1_215' title='bbox 519 4017 710 4085; x_wconf 82' lang='lat' dir='ltr'>lionasterii</span> <span class='ocrx_word' id='word_1_216' title='bbox 735 4018 784 4086; x_wconf 92' lang='lat' dir='ltr'>sui</span> <span class='ocrx_word' id='word_1_217' title='bbox 801 4019 1035 4105; x_wconf 89' lang='lat' dir='ltr'>reambularet‚</span> <span class='ocrx_word' id='word_1_218' title='bbox 1060 4019 1244 4104; x_wconf 88' lang='lat' dir='ltr'>prestando</span> <span class='ocrx_word' id='word_1_219' title='bbox 1265 4037 1376 4086; x_wconf 91' lang='lat' dir='ltr'>sacra·</span> 
     </span>
     <span class='ocr_line' id='line_1_29' title="bbox 256 4123 1376 4212; baseline -0.003 -19"><span class='ocrx_word' id='word_1_220' title='bbox 256 4129 401 4194; x_wconf 89' lang='lat' dir='ltr'>mentum</span> <span class='ocrx_word' id='word_1_221' title='bbox 432 4123 626 4193; x_wconf 84' lang='lat' dir='ltr'>Mouasterii</span> <span class='ocrx_word' id='word_1_222' title='bbox 641 4123 694 4192; x_wconf 90' lang='lat' dir='ltr'>sui</span> <span class='ocrx_word' id='word_1_223' title='bbox 709 4126 905 4212; x_wconf 84' lang='lat' dir='ltr'>asseruerit,</span> <span class='ocrx_word' id='word_1_224' title='bbox 938 4126 1013 4210; x_wconf 90' lang='lat' dir='ltr'>ipsa</span> <span class='ocrx_word' id='word_1_225' title='bbox 1036 4133 1125 4192; x_wconf 90' lang='lat' dir='ltr'>terra</span> <span class='ocrx_word' id='word_1_226' title='bbox 1149 4124 1279 4192; x_wconf 85' lang='lat' dir='ltr'>cederet</span> <span class='ocrx_word' id='word_1_227' title='bbox 1308 4126 1376 4191; x_wconf 85' lang='lat' dir='ltr'>llo-</span> 
     </span>
     <span class='ocr_line' id='line_1_30' title="bbox 254 4229 1377 4320; baseline -0.003 -17"><span class='ocrx_word' id='word_1_228' title='bbox 254 4229 400 4303; x_wconf 88' lang='lat' dir='ltr'>uasterio</span> <span class='ocrx_word' id='word_1_229' title='bbox 424 4229 562 4318; x_wconf 84' lang='lat' dir='ltr'>pacifice</span> <span class='ocrx_word' id='word_1_230' title='bbox 588 4237 621 4299; x_wconf 90' lang='lat' dir='ltr'>et</span> <span class='ocrx_word' id='word_1_231' title='bbox 645 4231 764 4318; x_wconf 89' lang='lat' dir='ltr'>quiete.</span> <span class='ocrx_word' id='word_1_232' title='bbox 792 4232 885 4301; x_wconf 89' lang='lat' dir='ltr'>Vnde</span> <span class='ocrx_word' id='word_1_233' title='bbox 910 4232 1004 4302; x_wconf 88' lang='lat' dir='ltr'>nobis</span> <span class='ocrx_word' id='word_1_234' title='bbox 1019 4251 1078 4320; x_wconf 90' lang='lat' dir='ltr'>per</span> <span class='ocrx_word' id='word_1_235' title='bbox 1102 4240 1230 4300; x_wconf 83' lang='lat' dir='ltr'>vestras</span> <span class='ocrx_word' id='word_1_236' title='bbox 1247 4231 1377 4300; x_wconf 89' lang='lat' dir='ltr'>litteras</span> 
     </span>
     <span class='ocr_line' id='line_1_31' title="bbox 257 4339 1377 4428; baseline 0.003 -22"><span class='ocrx_word' id='word_1_237' title='bbox 257 4339 472 4428; x_wconf 88' lang='lat' dir='ltr'>precepistis‚</span> <span class='ocrx_word' id='word_1_238' title='bbox 497 4345 534 4407; x_wconf 83' lang='lat' dir='ltr'>rt</span> <span class='ocrx_word' id='word_1_239' title='bbox 549 4358 621 4407; x_wconf 91' lang='lat' dir='ltr'>cum</span> <span class='ocrx_word' id='word_1_240' title='bbox 649 4339 815 4426; x_wconf 88' lang='lat' dir='ltr'>prestaldo</span> <span class='ocrx_word' id='word_1_241' title='bbox 836 4341 938 4428; x_wconf 90' lang='lat' dir='ltr'>ipsius</span> <span class='ocrx_word' id='word_1_242' title='bbox 952 4339 1093 4410; x_wconf 85' lang='lat' dir='ltr'>Abbatis</span> <span class='ocrx_word' id='word_1_243' title='bbox 1108 4359 1205 4408; x_wconf 86' lang='lat' dir='ltr'>vnum</span> <span class='ocrx_word' id='word_1_244' title='bbox 1223 4360 1264 4408; x_wconf 88' lang='lat' dir='ltr'>ex</span> <span class='ocrx_word' id='word_1_245' title='bbox 1279 4340 1377 4410; x_wconf 92' lang='lat' dir='ltr'>nobis</span> 
     </span>
     <span class='ocr_line' id='line_1_32' title="bbox 258 4444 1377 4538; baseline 0.001 -25"><span class='ocrx_word' id='word_1_246' title='bbox 258 4444 469 4533; x_wconf 85' lang='lat' dir='ltr'>mitteremus,</span> <span class='ocrx_word' id='word_1_247' title='bbox 485 4449 539 4534; x_wconf 91' lang='lat' dir='ltr'>qui</span> <span class='ocrx_word' id='word_1_248' title='bbox 566 4447 745 4516; x_wconf 91' lang='lat' dir='ltr'>seeundum</span> <span class='ocrx_word' id='word_1_249' title='bbox 761 4447 897 4516; x_wconf 80' lang='lat' dir='ltr'>somam</span> <span class='ocrx_word' id='word_1_250' title='bbox 913 4450 1129 4538; x_wconf 86' lang='lat' dir='ltr'>prescriptam</span> <span class='ocrx_word' id='word_1_251' title='bbox 1144 4447 1307 4534; x_wconf 85' lang='lat' dir='ltr'>reciperet</span> <span class='ocrx_word' id='word_1_252' title='bbox 1323 4467 1377 4514; x_wconf 75' lang='lat' dir='ltr'>sa</span> 
     </span>
     <span class='ocr_line' id='line_1_33' title="bbox 260 4554 1379 4644; baseline 0.001 -25"><span class='ocrx_word' id='word_1_253' title='bbox 260 4559 480 4641; x_wconf 68' lang='lat' dir='ltr'>crumentum</span> <span class='ocrx_word' id='word_1_254' title='bbox 504 4574 569 4641; x_wconf 90' lang='lat' dir='ltr'>qno</span> <span class='ocrx_word' id='word_1_255' title='bbox 585 4559 717 4641; x_wconf 84' lang='lat' dir='ltr'>recepto</span> <span class='ocrx_word' id='word_1_256' title='bbox 732 4554 765 4620; x_wconf 93' lang='lat' dir='ltr'>iu</span> <span class='ocrx_word' id='word_1_257' title='bbox 782 4573 822 4621; x_wconf 85' lang='lat' dir='ltr'>ea</span> <span class='ocrx_word' id='word_1_258' title='bbox 836 4565 928 4642; x_wconf 88' lang='lat' dir='ltr'>parte</span> <span class='ocrx_word' id='word_1_259' title='bbox 945 4557 1047 4644; x_wconf 89' lang='lat' dir='ltr'>ipsius</span> <span class='ocrx_word' id='word_1_260' title='bbox 1064 4563 1168 4642; x_wconf 87' lang='lat' dir='ltr'>terre,</span> <span class='ocrx_word' id='word_1_261' title='bbox 1187 4575 1250 4639; x_wconf 90' lang='lat' dir='ltr'>que</span> <span class='ocrx_word' id='word_1_262' title='bbox 1265 4555 1379 4622; x_wconf 80' lang='lat' dir='ltr'>liona-</span> 
     </span>
    </p>
   </div>
   <div class='ocr_carea' id='block_1_6' title="bbox 0 0 1579 5044">
    <p class='ocr_par' dir='ltr' id='par_1_8' title="bbox 0 0 1579 5044">
     <span class='ocr_line' id='line_1_34' title="bbox 0 0 1579 5044; baseline 0 0"><span class='ocrx_word' id='word_1_263' title='bbox 0 0 1579 5044; x_wconf 95' lang='lat' dir='ltr'> </span> 
     </span>
    </p>
   </div>
  </div>
 </body>
</html>
