3154 5030
801 842 858 908 95.

274 1107 335 1180 lv.
352 1111 442 1178 Iacze
450 1114 546 1199 pcipe
562 1133 577 1176 e
593 1107 777 1177 tekintetbea
801 1107 824 1172 Ι
827 1107 862 1175 V.
880 1105 961 1174 Belo
976 1107 1098 1196 leis-dlyt
1125 1110 1294 1176 lrdltedsea
1309 1132 1331 1176 a
1344 1116 1398 1178 oe·

435 1219 604 1308 metojodn'
618 1217 760 1308 temptem
776 1218 808 1282 de
822 1217 934 1325 bepyre
949 1220 1040 1284 neem
1050 1219 1122 1284 inti.
1139 1221 1237 1284 1244.

383 1455 592 1522 Innocentius
622 1453 809 1541 Episcopus
851 1471 966 1522 seruus
1006 1471 1178 1522 seruorum
1208 1451 1272 1520 Dei
1294 1502 1301 1515 .
1341 1502 1349 1518 .
1388 1501 1398 1518 .

275 1562 399 1630 Illustri
414 1563 499 1649 Regi
514 1563 657 1648 Vngarie
684 1563 822 1630 salutem
840 1569 873 1630 et
887 1563 1112 1648 Apostolieam
1129 1561 1398 1630 benedictionem.

275 1669 544 1764 significantibus
569 1670 698 1738 dilectis
723 1669 800 1738 tiliis
824 1669 953 1738 Abbate
970 1679 1004 1738 et
1019 1673 1187 1739 conuentu
1208 1669 1397 1738 Mouasterii

273 1779 387 1854 Sancti
401 1777 535 1846 Martini
544 1777 587 1846 de
598 1779 767 1846 Pannonia
783 1776 913 1846 Ordinis
923 1780 1038 1847 Sancti
1052 1779 1222 1845 Benedicti
1231 1799 1292 1845 nos
1301 1795 1398 1846 uoue-

272 1888 320 1954 ria
334 1886 515 1974 accepisse,
532 1884 790 1970 quodquondam
806 1885 971 1954 Walterus
988 1884 1113 1964 Comes,
1134 1887 1275 1970 quadam
1292 1885 1395 1952 eccle

273 1995 325 2060 sia
339 1994 373 2060 iu
389 2001 496 2062 monte
512 1991 629 2072 Quinin
644 1992 824 2059 munitione
840 2000 918 2080 apto
935 1995 995 2061 sed
1010 1993 1126 2060 inloce
1143 1993 1351 2060 inhabitabili
1363 2000 1396 2058 et

274 2102 406 2170 deserto
433 2108 640 2185 constructa,
672 2101 780 2168 locum
810 2101 917 2186 ipsum
932 2120 1004 2168 cnm
1021 2101 1169 2187 predicta
1195 2101 1338 2167 ecelesia
1355 2098 1396 2166 de

274 2224 414 2276 assensu
428 2208 540 2276 inclite
555 2209 792 2277 recordationis
824 2257 834 2276 .
858 2258 866 2273 .
891 2257 899 2274 .
917 2209 1017 2295 Regis
1043 2209 1187 2294 Vngarie
1203 2209 1319 2296 proaui
1334 2207 1395 2274 tui.

274 2315 433 2403 Episcopi
448 2315 627 2384 Diocesani
643 2325 674 2384 et
690 2316 848 2386 nobilium
864 2317 1008 2401 Vugarie
1023 2316 1222 2384 monasterio
1247 2315 1394 2402 predicto

274 2425 455 2508 concessit,
480 2425 513 2492 in
529 2443 594 2508 qua
624 2424 767 2492 ecelesia
791 2425 883 2490 iuxta
914 2424 1016 2510 ipsius
1043 2423 1177 2491 Comitia
1196 2423 1396 2512 desiderium

273 2531 459 2602 Conuentus
484 2531 592 2598 extitit
607 2531 784 2617 institutus,
811 2537 844 2598 et
853 2537 920 2598 tres
933 2531 967 2600 in
982 2531 1161 2600 caluerunt
1174 2551 1235 2616 per
1250 2539 1399 2618 tempora

273 2640 306 2708 in
321 2640 470 2708 abbates
501 2639 650 2726 premoti
676 2641 797 2708 Postea
821 2639 897 2706 dum
928 2658 1006 2706 vero
1034 2639 1123 2706 clare
1148 2639 1328 2706 memorie.
1353 2687 1363 2703 .
1388 2685 1396 2706 .

272 2749 345 2816 Rex
361 2747 505 2832 Vngarie
529 2767 612 2814 auos
637 2754 710 2814 tuus
726 2746 887 2834 prefatam
902 2746 1076 2814 ecelesiam
1092 2747 1211 2814 amotis
1228 2745 1305 2812 inde
1320 2764 1394 2832 per·

273 2855 365 2926 sonis
379 2855 502 2922 ibidem
519 2855 658 2923 Domino
674 2853 910 2922 famulantibus
920 2874 980 2941 pro
992 2853 1171 2922 munitione
1186 2854 1310 2940 recepit
1324 2873 1397 2940 pro-

273 2965 415 3048 mittens,
431 2962 518 3046 quod
534 2963 640 3028 locum
657 2961 757 3030 alium
773 2962 932 3048 aptiorem
948 2961 993 3030 ad
1010 2962 1187 3030 ecelesiam
1206 2969 1397 3030 construen-

272 3071 347 3140 dam
364 3079 397 3140 et
412 3073 508 3160 plura
523 3071 622 3140 etiarn
637 3072 671 3140 iu
686 3073 950 3159 possessionibus
966 3077 1000 3138 et
1014 3071 1110 3138 bonis
1127 3071 1214 3154 aliis,
1231 3088 1329 3154 quam
1339 3087 1394 3134 ea·

271 3179 346 3250 dem
361 3181 506 3250 babebat
528 3179 691 3263 Ecclesia,
717 3180 749 3246 iu
776 3180 1114 3266 recompensationem
1142 3179 1244 3266 ipsius
1260 3177 1399 3246 donaret

270 3288 471 3357 llonasterio
488 3287 687 3373 supradicto.
704 3286 798 3365 Quod
813 3305 873 3370 nee
888 3286 977 3354 idem
993 3294 1096 3354 morte
1111 3291 1310 3372 preuentus,
1334 3303 1397 3352 nee

273 3400 363 3466 clare
390 3395 546 3464 memorie
577 3443 586 3462 .
612 3441 652 3459 ..
691 3393 763 3460 Rex
795 3390 949 3480 ,vegatio
982 3400 1078 3478 pater
1106 3399 1181 3459 tnus
1212 3392 1398 3461 executioni

271 3505 478 3572 mandarunt.
494 3504 575 3570 Cum
591 3502 691 3586 igitur
706 3503 777 3567 Rex
802 3501 926 3587 Regum
943 3507 975 3567 et
991 3501 1141 3569 dominus
1159 3499 1396 3568 dominantium

271 3611 391 3679 adhoc
408 3611 450 3678 ad
466 3610 572 3696 Regni
596 3611 714 3678 solium
731 3609 981 3677 misericorditrr
997 3618 1030 3676 te
1046 3609 1257 3694 sublimauit,
1283 3615 1317 3674 ut
1332 3607 1395 3673 lle·

272 3717 392 3786 clesias
408 3725 441 3784 et
456 3717 531 3784 loca
547 3717 703 3802 religiosa
718 3717 823 3800 Regni
838 3717 885 3782 tui
896 3716 1026 3784 feneres
1042 3735 1081 3783 ac
1091 3717 1195 3800 Regis
1211 3714 1396 3783 munificen-

271 3827 317 3894 tie
333 3823 500 3893 benelieiis
517 3823 639 3892 debeas
655 3830 877 3910 augmentare,
894 3824 1111 3892 serenitatem
1128 3831 1215 3891 tuam
1232 3841 1396 3912 rogamus,

268 3948 438 4002 monemus
463 3939 588 4001 attente
604 3939 637 4000 et
651 3933 837 4016 hortamur,
865 3941 1026 4017 quatenus
1057 3933 1288 4000 monasterium
1304 3941 1396 3999 ante-

270 4043 393 4111 dietum
404 4042 445 4109 ob
454 4043 672 4109 reuerentiam
683 4043 872 4128 Apostolice
882 4041 976 4110 Sedis
991 4050 1023 4108 et
1032 4049 1179 4110 nostram
1189 4042 1314 4109 babens
1323 4059 1397 4126 pro·
1476 4127 1479 4130 .

270 4153 407 4242 pensius
421 4151 693 4231 commendatum,
707 4151 740 4216 in
757 4153 1052 4236 compensationem
1068 4171 1243 4236 neugmam
1254 4169 1313 4236 pro
1322 4168 1396 4235 pro·

268 4261 380 4332 missis
396 4261 488 4328 iuxta
504 4261 753 4348 promissionem
769 4259 908 4345 predicti
924 4259 979 4324 aui
991 4261 1114 4326 eisdem
1126 4259 1248 4325 Abbati
1258 4265 1291 4324 et
1308 4259 1393 4324 Ocn-

268 4374 380 4440 nentui
410 4391 546 4457 precum
563 4375 748 4437 nostrarum
764 4375 898 4454 optentu
916 4367 1072 4434 exhibeas
1089 4366 1269 4434 liberaliter
1286 4373 1319 4432 et
1333 4366 1392 4432 be-

268 4479 379 4565 nigne,
395 4478 483 4562 quod
497 4496 651 4563 rogamus
667 4475 777 4540 taliter
791 4475 1009 4562 impleturum,
1028 4474 1114 4560 quod
1127 4475 1239 4557 aDeo,
1257 4475 1313 4558 qui
1323 4473 1396 4539 nul·

270 4589 339 4660 tum
365 4586 636 4656 irremuneratum
661 4582 833 4666 relinquit,
858 4587 970 4652 eterne
995 4582 1217 4654 retributionis
1233 4583 1398 4674 premium
