3154 5030
286 923 391 988 Dones
413 921 517 988 oddor
532 925 770 1008 meptutdouzza
779 973 789 1008 ,
805 923 891 986 minii
905 921 1106 1010 azolpctlcrttal
1121 921 1327 988 tartoazauale
1344 921 1409 989 Ba·

359 1031 435 1116 putlt
450 1029 570 1120 helyseo
587 1029 714 1095 lukosae‘
727 1053 749 1093 a
758 1027 994 1116 ponnooltalmr‘
1008 1031 1217 1119 apdtsdpnak.
1234 1031 1331 1094 1239.

394 1207 572 1296 Dionysius
587 1209 651 1276 Dei
666 1206 780 1292 grauia
796 1209 987 1294 Palatinus,
1011 1215 1044 1276 et
1069 1209 1185 1276 (lomes
1210 1209 1252 1276 de
1271 1209 1411 1277 Zounulr

286 1314 447 1408 uniuersis
462 1333 599 1400 presens
616 1313 771 1400 seriptum
787 1317 984 1403 inspeotnris
1000 1317 1139 1384 salutem
1155 1317 1188 1384 in
1205 1325 1338 1384 auetore
1355 1335 1407 1383 sa·

286 1426 374 1491 lutis.
391 1421 568 1490 Ordinaoio
583 1424 760 1508 proborum
776 1431 832 1490 aut
847 1425 1024 1512 disposicio
1049 1425 1181 1493 raoione
1200 1427 1409 1494 commenda-

286 1531 347 1600 bili
362 1529 519 1616 diffinita,
544 1551 585 1597 ne
609 1551 767 1616 proeeasu
792 1539 973 1618 temporum
992 1532 1131 1600 dissolui
1146 1534 1253 1618 possit
1268 1534 1301 1599 in
1318 1531 1411 1598 aliud

286 1659 346 1726 per
361 1638 532 1707 audaciam
547 1639 748 1723 iniquorum,
774 1641 833 1708 sed
851 1649 888 1707 nt
904 1643 1018 1709 eodem
1036 1647 1125 1708 statu
1140 1640 1234 1707 duret
1249 1647 1282 1708 et
1297 1643 1410 1709 obser·

286 1756 380 1816 uetur
396 1748 613 1834 inposterum,
630 1769 697 1833 quo
711 1751 801 1836 prius
816 1750 927 1817 loeata
942 1749 1052 1816 fuerat
1061 1799 1070 1833 ,
1088 1751 1224 1833 equitati
1240 1755 1411 1817 consenta-

286 1876 382 1924 neum
398 1863 457 1941 est,
474 1863 508 1922 ut
523 1858 638 1942 scripti
653 1857 841 1924 sanoeiatur
852 1859 1045 1944 patrocinio.
1057 1859 1108 1924 Ad
1119 1857 1323 1943 presonoium
1333 1857 1411 1923 ideo

286 1965 443 2034 noticiam
459 1971 493 2031 et
508 1971 710 2050 posterorum
727 1967 931 2050 presencium
947 1967 1097 2034 uolumus
1112 1965 1284 2053 peruenire
1299 1967 1411 2032 litera-

286 2095 356 2140 rum
371 2073 576 2155 testimonio,
594 2072 679 2156 quod
695 2093 767 2140 eum
784 2093 959 2158 magnaeo
975 2077 1076 2142 multa
1093 2078 1315 2144 controuersia
1331 2074 1411 2140 fnis-

286 2189 341 2249 set
356 2181 440 2248 iuter
454 2181 630 2248 Albenrem
641 2181 823 2248 Euolesiem
836 2201 952 2250 exnna
963 2191 1069 2268 parte,
1080 2189 1114 2249 et
1123 2183 1285 2250 Abbutem
1295 2184 1410 2249 Vriam

287 2291 552 2372 Gonuentumqne
568 2289 713 2358 eiusdem
729 2291 878 2357 Euelesie
888 2293 1002 2359 Sanoti
1013 2291 1144 2358 llartini
1160 2313 1259 2378 super
1274 2290 1411 2358 deeimie

288 2417 329 2464 ex
346 2399 469 2484 altera3
486 2397 628 2482 denique
646 2417 705 2466 sue
722 2399 943 2466 contencionis
959 2401 1147 2487 altereaeio,
1163 2402 1242 2470 lieet
1256 2421 1315 2488 per
1329 2399 1412 2466 mul·

287 2513 339 2572 tos
355 2506 471 2573 fuisset
485 2506 675 2573 examinata
694 2514 867 2592 proeessu's
878 2558 887 2593 ,
915 2507 959 2575 ad
985 2509 1132 2576 ultimum
1159 2515 1270 2576 tamen
1295 2507 1410 2575 totalis

287 2614 453 2682 ‹liseordia
466 2614 614 2700 peruium
629 2616 738 2702 sopita
754 2614 815 2681 fuit
825 2627 842 2699 ,¹
860 2622 893 2683 ot
915 2617 1123 2702 approbabili
1138 2617 1271 2684 rasione
1287 2621 1410 2702 tempe-

288 2729 380 2808 rata3
397 2730 431 2788 et
444 2721 525 2790 villo
540 2725 647 2807 Bogat
664 2743 736 2790 eum
752 2723 856 2791 tribus
873 2723 980 2808 villis,
1005 2724 1181 2792 seeundum
1199 2727 1293 2809 quod
1308 2726 1341 2792 in
1357 2725 1411 2790 lit-

289 2831 370 2899 teris
401 2832 545 2919 peruium
576 2832 783 2919 paetnalibus
814 2833 943 2917 plenius
974 2835 1174 2920 continetur,
1208 2834 1410 2900 llonasterio

292 2939 406 3008 Sancti
415 2943 548 3008 Martini
564 2939 626 3008 luit
641 2948 774 3008 statuta.
787 2941 853 3007 Sed
863 2941 978 3027 populi
989 2940 1078 3027 dieti,
1097 2961 1169 3008 eum
1185 2941 1267 3008 dura
1283 2942 1412 3008 oernioe

287 3057 403 3118 eontra
417 3053 468 3120 sui
483 3050 607 3119 Prolati
623 3055 746 3118 statuta
761 3052 873 3135 sepius
889 3050 1161 3130 reoaleitrassent,
1174 3049 1271 3134 jussa
1285 3051 1337 3117 sui
1353 3047 1410 3115 do·

286 3159 365 3227 mini
381 3169 413 3227 et
428 3179 537 3228 eorum
552 3159 694 3227 seruioia
709 3159 966 3244 eontemneud05
982 3158 1069 3224 idern
1085 3159 1199 3225 Abbas
1214 3165 1248 3226 et
1263 3159 1409 3226 Conuen-

287 3277 341 3338 tus
356 3269 516 3356 oompnlsi
531 3275 606 3336 sunt
621 3268 751 3336 domino
767 3268 851 3354 Regi
867 3273 900 3334 et
915 3265 1010 3333 nobis
1028 3267 1181 3350 oonqueri
1197 3267 1238 3334 do
1254 3266 1336 3352 ipsis
1349 3289 1356 3350 ς
1374 3271 1411 3330 et

286 3397 359 3446 enm
381 3377 529 3446 (lominus
554 3379 624 3444 Rex
648 3377 732 3444 inter
757 3395 869 3444 omnes
894 3377 978 3443 alias
993 3395 1111 3467 ¹eousas
1129 3375 1277 3442 Euolesie
1294 3374 1409 3442 Senoti

287 3487 418 3555 Martini
433 3485 615 3572 prodietam
632 3505 764 3554 oausam
778 3486 976 3554 villanorum
991 3485 1129 3571 speeiali
1149 3489 1260 3553 nostro
1277 3481 1408 3550 summi-

287 3593 386 3659 sisset
399 3593 518 3660 iudioio
534 3594 782 3680 terminandam,
799 3592 926 3660 Abbate
943 3601 977 3660 et
991 3593 1146 3660 iratribus
1162 3593 1242 3673 eius,
1260 3589 1409 3676 ipsisque

288 3699 330 3767 de
345 3701 476 3785 Bagath
491 3721 600 3768 eorem
615 3702 710 3770 nobis
726 3701 910 3769 constitutis
919 3753 929 3787 ,
955 3701 1032 3768 lieet
1055 3700 1118 3787 ipsi
1142 3699 1254 3787 populi
1269 3698 1411 3786 pristina

287 3826 349 3877 sua
363 3807 512 3894 seruieia,
529 3829 593 3892 que
608 3808 760 3877 Euelesie
774 3809 909 3904 Albensi
925 3807 1078 3878 exhibere
1096 3810 1259 3892 solebant,
1275 3812 1408 3894 repete-

286 3923 361 3985 rent
375 3937 413 3986 se
428 3917 514 3986 nelle
531 3919 695 4002 exhibere,
706 3918 835 3985 Abbate
850 3925 960 3984 tamen
976 3925 1008 3985 et
1024 3917 1156 4005 populis
1172 3917 1324 3986 beniuole
1333 3936 1409 3984 eon·

287 4025 527 4113 seruientibus,
553 4025 742 4110 nostrisque
761 4023 983 4094 assessoribus
1008 4027 1071 4094 hoe
1095 4025 1180 4094 idem
1195 4024 1408 4113 approbanti<

286 4134 494 4219 honestatum
510 4140 544 4203 et
559 4133 717 4218 seruicia,
739 4132 899 4218 simulque
915 4133 1100 4202 libertatem
1116 4127 1290 4202 eorundem
1305 4151 1407 4219 popu-

285 4243 390 4312 lorum
405 4243 598 4314 auotoritate
613 4242 738 4310 domini
752 4241 851 4326 Regis
867 4241 902 4308 in
916 4241 1003 4308 hune
1017 4241 1150 4310 modum
1164 4241 1405 4310 ordinauimus:

287 4349 330 4418 Vt
344 4353 512 4421 annuatim
527 4371 587 4440 pro
603 4352 723 4420 tributo
739 4356 824 4420 terro
840 4351 973 4418 soleant
988 4369 1047 4418 suo
1062 4350 1185 4418 Abbati
1201 4369 1260 4418 sex
1276 4367 1408 4416 mareas

288 4463 322 4526 et
332 4459 443 4546 justas
458 4461 603 4531 desimus
618 4459 660 4528 do
675 4457 822 4528 omnibus
837 4457 954 4546 rebus,
981 4459 1067 4528 sieut
1090 4477 1204 4526 omnes
1228 4457 1287 4526 alii
1312 4455 1408 4526 Simi-

286 4569 437 4656 gienser;
463 4571 550 4658 quod
565 4572 669 4641 esiam
683 4569 832 4640 dominus
847 4569 961 4636 Abbas
976 4566 1138 4636 neminem
1155 4569 1263 4654 possit
1278 4567 1408 4634 mittere
