3140 5044
250 1101 381 1187 Ittodrr,
405 1128 426 1170 a
444 1103 571 1173 Choma
585 1109 752 1192 mariq
767 1111 868 1194 tegio,
886 1105 1009 1174 Others
1023 1117 1102 1171 neoti
1124 1103 1312 1172 histokdaok
1319 1099 1380 1189 sc·

253 1211 378 1279 ἰσνέηέύ
392 1212 571 1296 Επώνέηεῖι,
603 1213 708 1278 Jdosos
723 1213 887 1299 fidook'
869 1239 901 1280 cs
925 1215 980 1282 Osi
1008 1213 1224 1300 acceperut,
1251 1235 1272 1276 a
1286 1214 1381 1299 pydn‘

550 1320 706 1406 kdptaloa
721 1320 794 1388 stoc
810 1322 914 1410 vallio
930 1323 965 1389 hc
982 1323 1082 1388 1257.

353 1517 540 1603 Capitulum
557 1519 707 1586 Ecclesic
722 1520 744 1588 J
746 1519 812 1586 enh
821 1514 1016 1605 (Jeuriensis
1025 1515 1058 1604 i)
1073 1517 1232 1586 uniuersis
1246 1515 1375 1586 Christi

248 1623 401 1692 fidelihus
418 1634 589 1710 presentes
605 1627 719 1694 literas
735 1625 934 1713 inspecturis
949 1629 1089 1694 salutem
1105 1627 1138 1694 in
1163 1627 1278 1693 salutis
1305 1625 1376 1690 lar-

247 1733 364 1818 gitore.
395 1733 607 1802 Vniuersitati
623 1741 732 1800 vestre
748 1735 953 1802 declaramus
969 1732 1174 1818 presencium
1199 1751 1258 1818 per
1282 1739 1375 1799 teno-

247 1859 334 1908 rem:
351 1839 446 1919 Quod
463 1841 632 1928 Stephano
648 1839 715 1907 filio
741 1841 901 1926 Stephani
925 1839 968 1906 do
992 1839 1074 1907 villa
1097 1845 1130 1906 et
1154 1839 1375 1924 generatione

251 1948 386 2015 Choma
401 1967 443 2014 ex
459 1969 525 2017 unu
541 1954 645 2033 parte,
661 1954 693 2015 et
707 1949 842 2016 Andrea
856 1947 924 2015 tilio
940 1948 1092 2014 Iohannis
1107 1945 1165 2028 filij
1191 1945 1249 2014 Osl
1269 1965 1310 2012 ex
1324 1945 1374 2011 al-

247 2059 326 2122 tera
343 2073 455 2122 eorem
472 2055 568 2122 nohis
585 2055 780 2141 constitutis,
796 2056 883 2123 idern
898 2053 1084 2139 Stephanus
1109 2060 1160 2119 est
1183 2051 1372 2135 contessus;

246 2162 336 2242 quod
351 2161 564 2230 medietatem
580 2169 666 2228 terre
692 2163 841 2246 Chalod,
870 2181 934 2245 quc
960 2161 1064 2247 ipsius
1092 2159 1278 2245 porcionem
1301 2161 1374 2226 iure

244 2267 443 2334 hereditario
473 2267 662 2335 immediate
693 2269 924 2352 contingebat,
957 2289 1031 2334 curn
1047 2266 1142 2334 siluis
1168 2266 1371 2332 etomnihue

245 2371 320 2440 aliis
336 2373 531 2440 utilitatibus
548 2377 635 2458 suis,
652 2373 795 2442 uicinam
811 2382 844 2442 et
860 2381 1117 2442 commetaneam
1133 2380 1219 2440 terre
1229 2371 1373 2458 predicti

243 2478 375 2546 Andree
392 2479 521 2547 Chaled
538 2483 710 2565 nominate,
728 2483 932 2550 vendidisset
950 2481 1078 2566 prefato
1095 2481 1225 2548 Andree
1239 2499 1298 2564 pro
1309 2481 1369 2547 de·

244 2604 315 2653 cem
346 2587 467 2655 merois
499 2587 709 2656 denariorum
740 2597 896 2678 perpetuo
927 2587 1179 2675 possidendam,
1206 2596 1239 2653 et
1259 2587 1371 2673 ipsam

242 2709 401 2762 summam
417 2695 553 2786 pecunie
570 2694 653 2762 dixit
670 2716 706 2763 se
722 2699 764 2764 ab
782 2698 897 2766 codem
913 2696 1047 2764 Andrea
1063 2695 1209 2781 plenarie
1226 2695 1371 2778 recepis-

242 2819 290 2869 se.
313 2801 442 2870 Adiecit
457 2802 559 2869 eciam
577 2803 663 2871 idem
681 2803 879 2892 Stephanus,
907 2803 991 2887 qnod
1008 2803 1095 2871 Joan
1120 2803 1221 2868 trater
1247 2802 1365 2888 ipsius,

242 2912 276 2974 ct
304 2928 418 2976 omnes
445 2908 504 2995 eiij
536 2911 773 2996 consanguinei
803 2913 854 2980 sni
901 2911 1050 2996 requisiti
1081 2911 1266 2978 vendicioni
1295 2929 1371 2994 pre·

244 3011 332 3078 dicte
362 3023 447 3080 terre
478 3017 732 3085 consensissent.
772 3021 919 3088 Ceterum
951 3017 1110 3104 obligauit
1125 3035 1162 3084 se
1178 3016 1264 3083 idem
1288 3018 1368 3084 ste-

242 3118 382 3204 phanus,
400 3127 435 3188 vt
450 3121 480 3186 si
496 3123 658 3210 quispiam
688 3127 871 3212 predictam
897 3133 1018 3195 terram
1034 3125 1077 3190 ah
1103 3123 1219 3190 eodem
1235 3119 1370 3190 Andrea

160 3276 164 3284 .
240 3235 394 3312 repetere
409 3235 629 3316 attemptaret,
647 3233 720 3320 ipse
736 3234 875 3302 eundem
892 3238 960 3302 suis
976 3232 1161 3317 sumptibus
1177 3229 1369 3296 deffendere

240 3336 273 3398 et
289 3331 444 3418 expedire
459 3342 632 3402 teneretur.
666 3341 708 3406 Vt
723 3349 833 3407 antem
850 3343 943 3408 huius
959 3339 1007 3406 rei
1022 3339 1124 3406 series
1140 3337 1236 3402 robur
1250 3351 1369 3420 perpe-

239 3443 295 3505 tue
310 3437 473 3506 firmitatis
491 3445 656 3530 optineat,
675 3445 719 3510 ad
735 3447 932 3532 peticionem
948 3443 1095 3514 eiusdem
1116 3443 1276 3529 Stephani
1290 3461 1367 3528 pre-

238 3541 325 3608 dicto
342 3545 470 3613 Andree
487 3559 656 3633 presentes
674 3555 895 3622 concessimus
912 3555 1038 3620 litteras
1056 3553 1158 3618 nostri
1175 3549 1275 3634 sigilii
1291 3569 1362 3615 mu·

238 3646 358 3715 nimine
373 3651 554 3721 roboratas.
579 3656 673 3725 Anno
690 3662 802 3741 gracie
819 3659 948 3727 tt⁰cc⁰
964 3657 1008 3725 L⁰
1024 3657 1173 3742 septimo.
1200 3655 1362 3740 Ohcpano

238 3753 390 3824 hicclesle
419 3767 530 3829 nostre
556 3765 745 3851 Proposito,
779 3767 921 3835 Iurkone
947 3766 1106 3850 Centone,
1141 3761 1267 3828 Thomu
1292 3763 1367 3830 On.

236 3859 332 3928 stode
347 3862 573 3935 existentibus.

610 4041 666 4114 (Ae
686 4048 795 4104 eredeti
808 4047 885 4106 utin.
915 4049 1017 4128 euos).

668 4331 914 4358 M—-n—-n-—q
