3184 5064
773 929 922 994 .2θθ.

328 1104 411 1188 Rari,
428 1127 449 1168 a
463 1105 540 1170 Rae
550 1107 717 1185 semente
728 1107 827 1189 sapa,
841 1103 983 1168 Imrcuek
994 1105 1055 1188 flu,
1066 1103 1282 1190 Gergelyrrck,
1298 1126 1337 1167 uz
1355 1102 1445 1168 elbbbi

327 1213 466 1298 comcpyi
480 1211 679 1298 espcrestnclr,
700 1208 878 1275 Bucbmolu
896 1221 974 1274 aeotl
992 1209 1100 1295 firldct
1118 1233 1139 1274 a
1157 1212 1326 1298 ceezprcmi
1344 1210 1445 1296 teupu-

331 1308 334 1316 ’
675 1317 730 1382 luo
759 1315 832 1380 altu
847 1315 950 1401 vallia
958 1315 1003 1382 bo.
1021 1317 1118 1382 1257.

435 1486 622 1578 Capitulum
647 1491 898 1577 vesprimiensis
925 1492 1078 1560 Ecclesie
1104 1491 1255 1559 omnibus
1281 1497 1445 1580 presentes

327 1599 440 1667 literas
456 1601 652 1684 inspecturis
668 1600 807 1678 salutem
822 1600 857 1666 in
873 1599 1013 1665 Domino
1039 1600 1285 1683 sempiternam.
1315 1599 1369 1665 Au
1383 1600 1445 1664 rni-

328 1723 494 1773 uersurum
515 1703 671 1782 noticiam
696 1709 808 1771 tenore
841 1706 1051 1790 presencium
1085 1704 1234 1771 volumus
1258 1705 1443 1790 pervenire:

327 1810 421 1890 Quod
437 1812 622 1878 constitutis
639 1830 748 1877 coram
763 1809 858 1877 nobis
874 1811 948 1878 Rad
964 1810 1030 1876 filio
1047 1811 1190 1876 Emerici
1214 1812 1256 1877 de
1281 1829 1402 1895 genere
1416 1818 1445 1878 et

329 1919 370 1994 dc
385 1917 469 1984 villa
483 1917 557 1984 Rad
572 1939 613 1984 ex
629 1935 695 1983 una
710 1924 814 2002 parte,
831 1925 864 1982 et
890 1917 1050 2002 Gregorio
1075 1915 1258 2002 sacerdote,
1285 1919 1444 2000 qnondam

303 2022 647 2096 'Vieearchidiacono
658 2024 855 2110 symigiensi
867 2043 908 2089 ex
918 2023 1034 2110 altera3
1045 2025 1368 2090 idemlladasscrnit
1378 2025 1446 2090 viva
1542 2063 1543 2078 ι

327 2151 426 2215 voce,
450 2129 616 2214 quandam
632 2129 829 2216 particulam
854 2135 940 2198 terre
967 2149 1026 2197 sne
1057 2133 1185 2196 nomine
1210 2131 1393 2196 Buchmala
1416 2132 1445 2196 in
1542 2175 1543 2214 p

326 2235 488 2303 territorio
504 2237 584 2302 ville
599 2235 689 2302 Tord
704 2239 795 2303 iuxta
810 2243 933 2302 terram
948 2237 1053 2322 ipsius
1064 2237 1214 2321 Gregorij
1227 2235 1410 2314 sucerdotis
1426 2256 1444 2300 a

328 2349 421 2428 parte
438 2341 590 2408 orientali
607 2342 801 2408 existentem
818 2361 888 2406 oum
915 2341 1062 2408 omnibus
1087 2341 1308 2427 pertinenciis,
1337 2341 1445 2408 videti.
1494 2391 1501 2406 .

328 2457 380 2516 cet
395 2449 557 2531 virgultis,
574 2449 710 2533 tenetis,
730 2449 825 2516 terris
856 2449 1036 2516 arabilibus
1068 2455 1099 2513 et
1131 2447 1232 2514 fundo
1265 2449 1367 2533 curie,
1393 2468 1444 2515 sen

328 2553 404 2638 alijs
421 2554 615 2622 utilitatibus
640 2555 726 2638 suis,
749 2553 951 2642 attinebat,
968 2554 1056 2622 dicto
1090 2554 1249 2638 Gregorio
1281 2557 1444 2622 sacerdoti

328 2681 387 2746 pro
403 2661 531 2728 duabus
547 2643 670 2730 Marcis
681 2661 811 2742 argenti
826 2660 997 2746 ponderati
1012 2661 1202 2728 vendidisse
1214 2660 1446 2747 inperpetuum

327 2769 570 2854 possidendam,
586 2775 719 2858 recepta
729 2766 845 2834 eadem
856 2767 997 2854 pecunia
1012 2768 1161 2852 plenarie
1177 2767 1219 2832 ab
1237 2767 1377 2855 ecdem;
1393 2770 1446 2835 tali
1541 2851 1542 2856 ἵ

326 2881 436 2943 tamen
450 2875 646 2962 interposita
661 2875 871 2958 condicione,
889 2882 923 2939 nt
939 2894 1097 2960 processu
1114 2877 1270 2960 temporis
1286 2895 1351 2942 nec
1378 2879 1445 2962 ipse

210 2986 214 2998 '
327 2982 497 3048 Raadnee
523 2983 573 3049 sui
593 3001 802 3050 successores
827 2999 1116 3065 successorumque
1138 2983 1299 3051 haeredes
1324 2985 1448 3051 dictum

327 3086 517 3173 Gregorinm
528 3087 741 3170 sacerdotem,
753 3107 895 3170 suosque
906 3094 1075 3173 cognatus,
1086 3087 1130 3156 ud
1141 3090 1355 3172 quos-eadem
1366 3098 1451 3157 terra

326 3193 425 3287 luerit
438 3193 608 3280 devoluta,
626 3213 724 3278 super
740 3193 814 3277 ipsa
829 3197 992 3282 particula
1007 3203 1092 3263 terre
1116 3203 1266 3282 poterunt
1289 3195 1449 3282 impetere

327 3303 380 3370 vel
396 3303 429 3370 in
446 3303 557 3386 aliquo
572 3303 757 3368 molestare.
781 3303 819 3368 In
836 3301 930 3384 cujus
947 3303 993 3369 rei
1009 3303 1227 3370 testimoninm
1248 3302 1293 3368 ad
1308 3293 1447 3386 peticio·
1540 3381 1541 3410 ¹

326 3427 400 3474 nem
417 3409 520 3494 ipsius
535 3409 620 3492 Rari,
636 3415 671 3474 ut
686 3408 843 3475 memoria
867 3409 948 3474 facti
979 3410 1070 3477 uiuat
1095 3407 1183 3495 apud
1213 3417 1367 3496 posteros
1383 3413 1452 3478 sine
1540 3411 1541 3502 l

325 3514 499 3598 oblivione,
516 3521 686 3598 presentes
701 3515 816 3582 literas
834 3517 1054 3583 concessimus
1078 3517 1191 3602 sigillo
1217 3523 1329 3583 nostro
1359 3520 1452 3585 rubo
1540 3557 1541 3627 p

327 3623 427 3685 ratas.
452 3621 573 3688 Datum
588 3640 647 3706 per
663 3639 779 3690 manus
795 3622 943 3706 magistri
970 3622 1104 3689 Roberti
1120 3623 1268 3691 Lectoris
1295 3623 1451 3692 Ecclesie

326 3733 435 3792 nostre
462 3746 548 3792 anno
564 3730 676 3811 gracie
693 3729 814 3797 M⁰cc⁰
838 3731 1110 3815 quinquagesimo
1137 3731 1285 3817 septimo.
1304 3731 1452 3800 Venera-

325 3832 385 3898 bili
399 3833 433 3928 in
443 3833 572 3901 Christo
586 3839 680 3920 patre
695 3842 809 3902 nostro
825 3836 954 3902 Zlando
972 3837 1146 3922 Episcopo,
1161 3839 1254 3904 Fano
1264 3839 1455 3922 Proposito,

327 3937 519 4005 Lodomerio
535 3941 688 4021 (lentore,
704 3942 852 4009 Iohanne
868 3941 1013 4011 custode
1030 3942 1257 4010 existentibus.
1364 3955 1367 3960 '

492 4113 636 4182 (Eredetie
649 4131 667 4170 a
679 4116 893 4174 ssenemsrtoni
908 4115 1060 4190 fbapttsag
1073 4115 1295 4190 leveltrlrrtbau.)

764 4430 1006 4446 ῃ
