3184 5064
800 305 962 404 -.eth

317 505 428 576 lonem
445 521 549 590 usque
565 501 607 570 sd
635 510 742 572 metes
767 501 937 570 uinearum
968 501 1107 572 comitis
1131 501 1314 588 Desiderii,
1347 510 1379 568 et
1405 498 1452 567 ibi

318 613 522 683 terminetur.
554 613 636 680 Item
652 613 759 680 eidem
774 609 976 680 Monestorio
1000 611 1097 679 Booti
1128 609 1261 680 Martini
1292 607 1447 696 supered-

320 720 427 790 dendo
443 721 558 792 statuit
573 720 796 808 quodraginta
812 720 929 808 iugero
944 725 1032 786 terro
1048 719 1175 788 mixtim
1200 719 1352 788 ieoenois
1376 738 1451 786 oum

318 831 415 900 terris
430 830 730 918 prenominatorum
746 827 904 896 nobilium
915 833 947 896 ot
956 827 1061 915 ipsius
1077 827 1269 896 Monssterii
1285 829 1328 896 de
1347 828 1450 896 Solis.

320 938 489 1009 Corradus
503 958 581 1006 uero
596 943 630 1005 et
647 937 809 1022 Georgius
825 935 1007 1022 suprsdioti
1024 941 1208 1005 statuerunt
1222 934 1330 1004 eidem
1352 937 1448 1005 Fauo

319 1047 446 1116 eberti
460 1050 567 1116 eoism
583 1045 804 1132 qundrsgiuts
818 1046 935 1130 iugero
959 1043 1112 1113 similiter
1136 1045 1263 1112 mixtim
1287 1044 1451 1114 inoenois

317 1154 362 1224 ut
377 1155 444 1242 hijs
461 1153 613 1224 omnibus
628 1151 714 1220 idem
731 1149 873 1238 F(euus)
889 1152 1006 1220 Abbns
1022 1153 1067 1221 nri
1083 1171 1120 1220 se
1136 1151 1280 1240 reoeptis
1299 1153 1453 1239 plenario

320 1268 505 1348 oonteutus,
521 1269 589 1330 tsm
605 1261 714 1348 ipsum
731 1259 898 1328 dominum
912 1259 1074 1328 Abbntem
1090 1259 1133 1328 de
1149 1261 1246 1346 Selin,
1263 1280 1363 1346 quom
1378 1280 1454 1348 pre-

319 1367 408 1441 sams
423 1370 563 1456 nobiles,
578 1367 801 1438 renunoiando
821 1369 871 1436 liti
907 1372 940 1435 et
964 1368 1213 1456 disoeptsoioni,
1238 1369 1383 1437 absoluit
1410 1371 1454 1436 ab

320 1478 409 1546 omni
440 1477 578 1547 sooione
605 1484 639 1547 et
681 1476 907 1564 impetitione,
939 1494 1038 1560 quem
1063 1477 1195 1545 rseiono
1224 1480 1456 1565 suprssoripts

319 1593 464 1654 moueret
479 1593 592 1656 eontra
608 1585 712 1672 ipsos,
734 1591 830 1671 prout
843 1591 958 1672 psrtes
974 1585 1176 1672 supradicte,
1192 1586 1326 1670 insopor
1343 1587 1456 1654 eciem

318 1695 477 1781 Megisten
502 1695 624 1764 Seuius
655 1693 916 1764 Arohidinoonus
947 1693 1194 1780 Supruuiensis,
1225 1701 1260 1762 et
1288 1696 1452 1781 Magister

319 1802 452 1872 Morcus
469 1803 689 1872 oonosnonioi
704 1803 828 1885 nostri,
855 1804 888 1869 in
905 1821 1039 1888 quorum
1055 1804 1229 1888 presenois
1253 1811 1287 1870 et
1311 1805 1455 1872 arbitrio

317 1931 493 2000 processus
510 1931 570 1981 sev
585 1910 784 1997 oomposioio
802 1909 910 1977 extitit
925 1911 1080 1979 ordinato
1095 1917 1130 1978 et
1145 1911 1270 1994 decise,
1287 1911 1385 1980 nobis
1403 1931 1454 1977 re·

319 2022 461 2090 oitsrnnt
475 2021 553 2089 uiue
566 2040 658 2088 uooe.
686 2019 783 2106 Ipsos
799 2021 904 2086 eninm
920 2017 1061 2104 nobiles,
1077 2025 1191 2105 vtpote
1207 2019 1250 2086 sb
1271 2020 1346 2106 ipso
1362 2019 1455 2106 peni-

319 2135 372 2200 tus
389 2129 570 2218 expeditos,
588 2129 676 2197 idom
695 2128 809 2196 Fenus
825 2127 942 2195 Abbss
958 2127 1039 2194 iuris
1064 2134 1098 2194 et
1111 2126 1335 2214 possessionis
1358 2127 1455 2196 here-

320 2237 443 2307 slitsrie·
461 2238 595 2323 reliquit
609 2236 768 2323 psoifieos
784 2255 1005 2324 possessores.
1021 2237 1164 2306 Nenhoo
1173 2237 1456 2324 pretermittimus,

321 2346 411 2431 quod
425 2343 513 2413 iriem
528 2347 632 2431 Elyos
647 2344 760 2413 Abbss
775 2351 810 2412 et
839 2345 969 2412 nobiles
985 2343 1147 2432 sepedicti
1172 2346 1347 2430 protestati
1364 2354 1453 2435 sunt,

318 2451 551 2522 Monssterium
567 2453 681 2522 Senoti
697 2450 834 2521 Martini
849 2451 978 2520 hebere
996 2457 1030 2519 et
1044 2471 1175 2542 semper
1199 2452 1360 2522 habuisse
1375 2473 1455 2523 oen·

319 2568 390 2630 tum
403 2559 542 2647 trigints
557 2567 590 2628 et
605 2561 669 2627 tris
689 2558 805 2646 iugero
820 2560 899 2627 item
915 2559 949 2626 in
966 2558 1084 2629 eedem
1098 2561 1178 2627 uills
1194 2561 1329 2644 Tunes,
1356 2582 1452 2631 exoe

319 2667 386 2757 ptis
401 2668 597 2758 supradietis
614 2669 732 2756 terris,
764 2688 848 2752 ques
863 2667 929 2754 ipsi
944 2674 1138 2737 statuerunt
1164 2670 1208 2736 vt
1226 2669 1330 2755 igitur
1354 2671 1454 2739 huius

219 2851 222 2864 ,
320 2779 370 2846 rei
385 2779 487 2848 series
502 2781 602 2847 robur
616 2785 775 2866 perpetue
784 2775 950 2848 firmitatis
961 2777 1119 2863 obtineat,
1136 2784 1309 2865 presentes
1321 2780 1453 2850 litteras

319 2886 579 2972 qmdnprrttsss
613 2887 714 2956 dietis
745 2886 929 2954 Abbatibus
960 2893 994 2952 et
1028 2886 1191 2954 nobilibus
1217 2890 1451 2958 oonoessimus

320 2999 472 3080 quartem
502 3001 630 3080 purtem
661 2995 843 3062 eorundem
875 2995 907 3060 in
935 3003 1046 3062 nostra
1077 3013 1217 3062 osmers
1249 2999 1457 3066 reserusudo

319 3099 417 3196 Auno
441 3101 573 3170 Domini
604 3103 647 3170 M.
670 3105 736 3174 00.
766 3101 1070 3192 L.v1n.chepan0
1095 3103 1246 3172 Enetosie
1264 3105 1452 3192 Proposito,

321 3209 467 3280 Jurkone
487 3208 640 3298 (tentore,
656 3209 784 3280 Thomu
800 3209 944 3280 Custode
963 3210 1191 3280 existentibus.

510 3403 657 3480 (Eredetis
668 3423 686 3465 s
701 3403 920 3465 ssent-mirtoni
932 3403 1086 3482 ittspttstg
1097 3403 1317 3480 reverterim.)
