3220 5058
261 903 320 970 IX.
338 903 474 991 Gerpely
481 909 575 992 pcipe
591 903 774 986 Arzdnboa,
801 929 822 968 o
838 903 987 990 bolpdrob
1002 917 1033 970 es
1047 903 1161 969 oldbok
1176 901 1399 988 uralkoddjdp

540 1019 597 1076 boc
612 1010 748 1099 apostoli
760 1011 876 1090 metet
892 1009 980 1076 kald.
997 1011 1095 1077 1237.

367 1188 546 1274 Gregorius
556 1190 741 1277 Episcopus
755 1196 816 1260 eto.
835 1181 955 1258 dilecto
972 1188 1039 1260 filio
1054 1189 1157 1257 nobili
1172 1189 1242 1258 viro
1252 1189 1383 1256 Arcano

260 1295 392 1366 domino
408 1297 622 1384 Bulgarorum
648 1306 680 1366 et
705 1298 900 1366 Blachorum
918 1300 1057 1366 salutem
1074 1304 1135 1364 etc.
1167 1297 1259 1366 Licet
1284 1295 1384 1362 officii

259 1405 362 1472 nostri
376 1404 421 1472 sit
435 1405 589 1492 debitum,
606 1405 853 1476 universitatem
863 1407 1000 1493 diligere
1010 1405 1125 1476 Matris
1136 1403 1286 1472 Ecclesia
1301 1401 1383 1476 tilio·

152 1511 156 1519 ’
259 1532 346 1600 rum,
367 1512 525 1598 quosdam
538 1513 660 1598 'tamen
677 1533 718 1580 ex
736 1515 785 1580 eis
802 1533 842 1580 eo
857 1512 996 1598 pleniori
1020 1511 1193 1580 affectione
1217 1512 1385 1598 prosequi·

259 1641 340 1708 mur,
367 1639 431 1704 quo
446 1622 539 1708 ipsos
558 1623 666 1690 eidem
682 1622 831 1690 Ecclesia
846 1622 932 1690 velle
948 1621 1042 1688 reddi
1058 1622 1199 1705 placitos
1215 1621 1385 1688 intuemur.

260 1727 340 1796 Inde
354 1727 410 1815 fit,
436 1729 523 1814 quod
548 1751 622 1798 cum
644 1751 685 1798 ex
701 1729 899 1798 sinceritatis
916 1734 970 1795 tue
987 1729 1104 1796 litteris
1119 1717 1270 1794 ardorem
1286 1725 1385 1794 devo·

259 1837 359 1906 tionis
376 1843 410 1904 et
424 1835 512 1923 fidei,
530 1839 647 1923 quibus
662 1837 852 1925 Apostolice
868 1836 947 1904 Sedi
962 1838 1095 1923 plaeere
1112 1832 1301 1918 desideras,
1320 1836 1385 1902 col·

261 1945 458 2032 legerimus,
477 1947 664 2032 exultantes
680 1946 773 2014 cordi
788 1953 899 2014 nostro
916 1946 1089 2012 statuimus
1104 1963 1278 2032 personam
1293 1948 1385 2010 tuam

262 2059 295 2118 et
309 2054 449 2140 speciali
474 2055 665 2123 sinceritate
690 2054 856 2140 prosequi,
883 2059 915 2120 et
940 2053 1012 2122 eius
1026 2051 1240 2140 procurandis
1256 2050 1385 2118 honori-

261 2159 324 2227 bus
339 2161 482 2228 studium
499 2160 616 2229 efficax
632 2161 801 2248 oportunis
816 2161 1017 2246 temporibus
1033 2159 1193 2248 impertiri
1202 2209 1210 2243 ,
1231 2158 1386 2225 fiduciam

264 2267 457 2354 obtinentes,
475 2269 561 2352 quod
578 2277 610 2337 et
626 2276 661 2336 tu
678 2277 811 2336 auctore
823 2269 962 2336 Domino
980 2271 1023 2336 ad
1038 2270 1098 2336 illa
1113 2268 1259 2337 studebis
1272 2267 1387 2335 haberi

264 2375 444 2458 sollicitus,
470 2397 609 2462 perque
627 2379 670 2445 ab
687 2379 802 2446 eadem
818 2377 970 2447 Ecclesia
986 2377 1146 2464 reputeris
1166 2375 1297 2444 assidue
1313 2395 1386 2462 gra·

265 2482 378 2548 tiosus.
388 2484 507 2551 Verum
521 2485 600 2568 quia
616 2486 792 2570 superbiis
810 2487 944 2573 expedit
959 2487 1110 2570 utrinque
1125 2485 1292 2553 laudabile
1309 2483 1388 2550 dare

265 2590 457 2676 principium
475 2598 509 2659 et
523 2611 711 2680 processum
728 2594 861 2661 adicere
877 2595 1098 2679 fructuosum,
1123 2613 1202 2661 ecce
1229 2593 1311 2659 sicut
1329 2609 1388 2676 per
1511 2668 1525 2692 x

266 2707 466 2778 memoratas
490 2699 617 2768 litteras
642 2701 835 2785 postulasti,
862 2702 1008 2784 legatum
1028 2701 1124 2767 Sedis
1141 2699 1330 2785 Apostolice
1346 2695 1390 2772 ad

265 2815 354 2874 tuam
371 2808 571 2894 presentiam
586 2807 786 2893 providimus
803 2807 1039 2890 destinandum,
1051 2805 1204 2874 videlicet
1219 2804 1388 2874 venerabi-

265 2917 328 2982 lem
346 2913 481 2983 fratrom
497 2922 642 2982 nostrum
659 2965 667 2981 .
685 2964 693 2982 .
710 2965 719 2981 .
738 2905 934 3002 Episcopum
945 2917 1145 3002 Perusinum,
1156 2917 1258 2983 virum
1277 2915 1388 2996 utique

268 3024 405 3091 scientia
421 3032 454 3090 et
468 3023 641 3092 honestate
658 3025 886 3110 conspicuum,
912 3023 1007 3090 nobis
1033 3031 1066 3090 et
1090 3022 1244 3090 fratribus
1268 3022 1390 3090 nostris

270 3139 438 3218 acceptum
464 3131 629 3200 evidentia
654 3129 842 3198 multimode
867 3130 1050 3216 probitatis.
1083 3131 1246 3213 Rogamus
1276 3129 1387 3212 itaque

273 3237 474 3306 nobilitatem
501 3247 589 3307 tuam
613 3251 646 3306 ot
671 3238 843 3304 affectione
863 3257 929 3318 qua
945 3255 1118 3320 possumus
1135 3237 1341 3302 exhortamur
1355 3235 1389 3299 in

270 3346 492 3416 remissionem
508 3340 567 3414 tibi
584 3346 809 3432 peccaminum
826 3343 1031 3426 iniungentes
1040 3393 1049 3428 ,
1074 3347 1235 3424 quatenns
1252 3339 1390 3408 eundem

269 3453 484 3541 Episcopum,
510 3457 563 3520 vel
589 3461 734 3520 nostram
760 3450 869 3537 potius
885 3451 917 3514 in
935 3450 1008 3536 ipso
1024 3469 1198 3536 personam
1215 3469 1279 3533 quo
1295 3447 1391 3516 decet

268 3561 391 3631 honore
406 3563 569 3647 recipiens
586 3567 618 3626 et
634 3567 851 3646 pertractans,
868 3579 908 3626 ae
925 3559 1033 3626 eidem
1051 3578 1148 3644 super
1166 3559 1239 3640 hiis,
1259 3557 1390 3642 quetibi

269 3689 310 3738 cx
325 3679 418 3756 parte
435 3674 546 3735 nostra
563 3666 711 3732 retulerit
725 3665 821 3734 tidem
838 3666 999 3736 adhibens
1015 3668 1213 3755 pleniorem,
1239 3674 1328 3732 tuam
1347 3665 1390 3733 ad

268 3777 331 3844 hoe
346 3777 484 3844 inducas
499 3773 640 3840 sollicite
656 3773 864 3858 voluntatem,
882 3781 918 3842 ut
933 3775 967 3841 in
979 3775 1076 3844 Sedis
1085 3773 1275 3860 Apostolioe
1291 3774 1390 3850 devo-

269 3887 357 3952 tione
373 3882 527 3948 continua
543 3880 675 3949 sedulus
692 3903 927 3968 perseuerans,
954 3891 987 3951 et
1013 3885 1097 3951 alios
1116 3901 1196 3966 quos
1212 3881 1334 3968 poteris
1348 3879 1392 3948 ad

269 3992 354 4057 idem
372 3989 531 4057 inducens
547 3990 655 4058 studio
671 3991 839 4076 diligenti,
865 3991 1025 4058 Romanie
1050 3991 1223 4076 Imperium
1248 4009 1269 4054 a
1292 3988 1391 4054 molc-

271 4099 343 4164 stiis
360 4106 392 4164 et
406 4098 585 4183 pressuris,
603 4117 684 4180 quas
699 4099 823 4182 patitur
832 4149 841 4182 ,
858 4099 1063 4182 quantumin
1080 4105 1112 4164 te
1129 4097 1244 4182 fuerit,
1271 4095 1313 4160 ad
1329 4095 1389 4160 Re·

271 4205 450 4292 demptoris
465 4203 602 4292 gloriam
618 4205 736 4272 reddas
753 4203 892 4272 feliciter
908 4206 1093 4294 expeditum
1102 4255 1112 4290 ,
1130 4206 1289 4278 sciturus,
1306 4202 1392 4286 quod

172 4385 175 4390 ,
271 4333 345 4380 cum
361 4309 466 4382 eidem
482 4313 617 4397 plenum
634 4319 666 4380 et
683 4309 803 4379 ellicus
813 4319 960 4397 prestare
971 4313 1152 4382 subsidium
1161 4330 1227 4378 non
1237 4310 1280 4378 sit
1289 4309 1392 4394 alud,

271 4439 370 4504 quam
385 4440 506 4508 parare
523 4421 692 4500 semitam,
719 4425 753 4486 ut
777 4419 1006 4507 Redemptoris
1030 4413 1174 4488 eiusdem
1191 4415 1392 4501 suffragante

270 4531 419 4614 potentia
437 4535 569 4599 eruatur
583 4527 625 4594 dc
641 4528 790 4594 manibus
806 4547 1026 4613 paganorum,
1053 4528 1157 4614 ipsum
1183 4524 1243 4592 tibi
1269 4522 1393 4590 debito·

330 4650 642 4697 sronuurmunaursn.
657 4671 681 4682 -
696 4650 776 4694 nuru.
793 4653 812 4692 r.
1212 4631 1233 4696 b
