3154 5030
672 277 830 380 ,sm

197 471 353 538 amentis
369 490 427 539 sue
447 469 589 538 tenebris
599 472 776 540 dubietatis
787 472 959 558 scrupulos
970 469 1138 538 removeri.
1149 471 1232 538 Nam
1249 471 1312 538 etsi

195 579 316 644 Paulus
330 595 371 645 ax
387 577 487 646 verbo
502 577 634 646 Domini
658 579 755 646 Patro
788 578 969 662 ceterisque
995 576 1162 662 Apostolis
1186 577 1312 643 nniver-

195 685 310 751 saliter
326 684 374 750 sic
396 685 553 752 dicentis:
581 681 724 762 Quorum
749 683 939 752 remiseritis
955 689 1092 768 peccata
1107 681 1312 749 remittuntur

97 853 103 864 ,
192 791 250 875 eis,
266 795 300 856 et
323 811 457 876 quorum
477 791 674 859 retinueritis
699 797 825 861 retenta
842 794 935 877 sunt;
960 809 1033 856 oum
1048 791 1145 856 Petro
1169 787 1231 854 luit
1254 787 1311 854 mi·

189 895 357 964 nisterium
389 897 559 984 dignitatis
589 919 755 984 exercens,
778 899 838 966 init
854 900 955 966 etiam
980 915 1023 964 ex
1039 896 1148 963 verbis
1164 894 1312 962 eiusdem

190 1004 395 1073 auctoritatis
439 1005 647 1089 singulariter
686 1007 784 1074 Petro
834 1004 1030 1094 propositis:
1079 1003 1312 1085 Quodcumque

152 1141 155 1150 .
189 1111 349 1195 ligaveris
380 1132 479 1199 super
510 1121 653 1199 terram,
685 1117 747 1182 erit
771 1115 908 1201 ligatum
934 1119 967 1181 ct
982 1113 1015 1179 in
1032 1113 1133 1196 celis,
1159 1118 1192 1178 et
1215 1107 1312 1194 quod·
1405 1164 1407 1168 .

191 1237 328 1302 cumque
344 1222 482 1288 solveris
507 1241 604 1308 super
629 1230 772 1310 terram,
804 1223 865 1291 erit
881 1223 1022 1292 solutum
1048 1227 1081 1288 et
1106 1221 1140 1288 in
1158 1219 1255 1303 celis;
1279 1217 1312 1285 in

195 1325 291 1391 Petro
306 1329 509 1396 auctoritatis
526 1329 667 1397 officium
683 1349 935 1414 recognoscens,
952 1335 986 1398 et
1000 1328 1074 1396 ideo
1090 1326 1134 1394 ad
1144 1347 1216 1394 eum
1234 1334 1314 1392 tam·

195 1449 293 1513 quam
317 1433 489 1517 primatem
510 1443 543 1501 et
560 1437 725 1522 evangelii
750 1437 900 1506 dominici
916 1417 1037 1502 fontem
1054 1435 1144 1502 venit
1159 1432 1312 1502 Jerosoli·

193 1557 291 1622 mam,
308 1547 340 1606 et
354 1539 561 1624 postmodum
577 1561 648 1608 cum
665 1541 735 1626 ipso
746 1544 863 1610 etaliis
880 1541 1059 1610 seeundum
1079 1541 1313 1609 revelationem

192 1645 328 1712 contulit
344 1647 573 1732 evangelium,
606 1667 647 1713 ne
666 1647 839 1714 invacunm
864 1654 1006 1714 curreret
1023 1645 1075 1714 vel
1091 1647 1190 1712 etiam
1207 1667 1313 1713 cucur-

191 1753 300 1821 risset.
323 1753 395 1832 Quo
415 1755 503 1821 Petri
520 1756 699 1822 auctoritas
711 1775 751 1820 ex
762 1755 907 1824 eiusdem
917 1755 1048 1822 Domini
1065 1754 1175 1821 verbis
1186 1773 1316 1838 expres·

193 1863 263 1928 sius
285 1861 466 1945 roboratur,
492 1879 563 1926 cum
579 1861 645 1928 sibi
660 1863 721 1928 soli
738 1863 855 1930 dicitur
871 1862 914 1927 ab
931 1861 1057 1928 eodem:
1074 1861 1144 1928 Duc
1155 1860 1188 1925 in
1204 1861 1316 1944 altum,

165 1978 224 2048 ¹et
254 1977 371 2054 postea
396 1967 613 2051 subinfertur,
640 1969 754 2036 laxare
780 1969 863 2036 retia
899 1971 932 2035 in
959 1976 1136 2053 capturam.
1171 1969 1207 2034 Si
1233 1984 1313 2050 ergo

191 2077 305 2144 Petrus
320 2095 379 2162 per
390 2073 617 2142 excellentiam
635 2075 713 2143 fidei
722 2127 732 2162 ,
758 2077 871 2159 quain
899 2095 963 2142 uno
979 2075 1107 2142 Christo
1124 2073 1206 2140 duas
1222 2081 1331 2140 natu·¹

191 2203 247 2252 ras
263 2184 427 2250 Divinitas
452 2201 702 2268 recognoscens,
728 2202 799 2248 curn
813 2181 916 2250 dixit:
941 2180 991 2248 Tu
1008 2200 1043 2248 es
1061 2181 1210 2247 Christus
1226 2179 1314 2246 filius

191 2291 255 2358 Dei
270 2291 358 2376 vivi,
384 2292 496 2358 claves
512 2291 617 2374 Regni
642 2289 773 2357 celestis
798 2290 832 2354 in
848 2289 945 2356 terris
961 2291 1051 2356 solus
1078 2287 1215 2372 accepit
1242 2307 1315 2354 eum

192 2418 290 2464 unum
306 2398 350 2464 sit
366 2396 474 2484 capud
489 2397 640 2465 Ecclesie
656 2397 835 2480 militantis,
852 2404 974 2481 restat,
998 2401 1033 2463 ut
1043 2397 1087 2462 ad
1097 2397 1242 2482 regimen
1257 2413 1312 2479 ge-

196 2507 321 2574 neralia
336 2503 497 2590 Ecclesia,
513 2525 611 2590 quam
627 2505 698 2590 ipse
713 2523 784 2570 cum
801 2505 904 2570 Paulo
921 2510 954 2569 et
969 2504 1088 2569 ceteris
1104 2503 1146 2569 de
1162 2502 1315 2588 gentibus

195 2611 429 2699 congregavit,
452 2611 560 2698 capud
586 2611 733 2678 eiusdem
760 2629 916 2694 suumque
934 2611 1093 2698 Dominus
1108 2629 1167 2694 per
1183 2630 1234 2694 ea,
1252 2628 1315 2692 que

193 2721 357 2809 premissa
373 2727 450 2788 sunt
459 2771 468 2806 ,
492 2720 667 2787 manifeste
683 2721 871 2788 ostenderet
888 2738 1122 2786 successorem.
1139 2717 1316 2786 Providens

197 2835 304 2897 autem
314 2827 484 2913 Dominus,
502 2827 746 2912 quodlloclesia
758 2845 818 2894 sua
835 2829 1079 2894 conculcaretur
1095 2849 1116 2894 a
1133 2825 1315 2910 tirampnis,

196 2936 373 3004 laniaretur
388 2938 431 3006 ab
448 2935 611 3019 hereticis,
629 2935 899 3002 etascismaticis
916 2933 1127 3018 scinderetur,
1144 2935 1191 3002 ait
1205 2957 1212 2998 :
1245 2933 1316 3018 Ego

198 3061 256 3128 pro
271 3053 303 3111 te
317 3045 446 3130 rogavi,
463 3047 569 3128 Petra,
586 3051 622 3109 ut
638 3063 702 3111 non
720 3043 851 3110 deficiat
866 3041 948 3110 fides
964 3051 1030 3126 tna,
1047 3049 1081 3108 et
1091 3050 1125 3110 tu
1137 3040 1316 3125 aliqnando

202 3169 378 3218 conversus
403 3150 557 3219 confirma
582 3151 700 3218 iratres
716 3159 807 3238 tuos,
832 3172 873 3218 ex
889 3171 953 3236 quo
969 3151 1133 3236 colligitur
1150 3149 1317 3220 evidenter

198 3257 286 3341 quod
310 3258 353 3326 ad
378 3259 489 3327 sedem
512 3259 601 3325 Petri
626 3259 731 3327 omnis
757 3259 800 3326 sit
816 3259 943 3344 questio
968 3257 1149 3326 reserenda.
1166 3259 1227 3325 Oui
1244 3275 1316 3323 cum

196 3365 260 3433 Dei
289 3365 397 3450 gratia
434 3365 638 3456 disponente,
669 3387 733 3434 non
767 3367 887 3434 nostris
922 3367 1046 3432 mer-rtis
1071 3363 1314 3452 presideamus,

197 3491 403 3559 nequaquam
434 3476 505 3543 sine
530 3475 643 3544 dolore
667 3493 840 3560 possumus
869 3471 1008 3559 intueri,
1042 3472 1172 3539 amnti
1203 3471 1320 3560 capitis

198 3599 332 3668 corpore
363 3583 508 3651 membra
534 3583 673 3676 quedam
710 3602 785 3650 esse
817 3581 935 3666 diviaa;
962 3579 1115 3648 videlicet
1144 3579 1319 3648 Grecorum

199 3697 231 3756 et
261 3691 476 3774 Bulgarorum
517 3691 723 3774 Ecclesiam,
756 3691 904 3758 seiuncta
934 3709 1052 3778 nempe
1084 3709 1144 3777 per
1174 3689 1319 3759 inobedi-

198 3797 319 3864 entiam
331 3817 352 3864 a
362 3815 421 3864 suo
433 3798 541 3886 capite
551 3796 688 3886 speciali
698 3797 845 3885 eorporis
861 3795 1098 3864 sensificationi
1113 3816 1318 3882 nequaquam

197 3905 417 3994 participant,
443 3923 515 3972 curn
546 3906 589 3972 ab
606 3905 677 3974 eius
702 3923 738 3973 se
754 3905 952 3972 subtraxerit
968 3904 1104 3972 unitate.
1123 3903 1227 3989 Igitur
1242 3903 1319 3987 quia

195 4013 362 4082 debitores
388 4030 501 4080 sumus
516 4011 658 4082 omnium
674 4015 814 4080 salutem
830 4031 965 4097 querere
975 4061 984 4098 ,
1016 4029 1128 4078 servus
1155 4031 1320 4079 servorum

193 4121 296 4205 illius,
313 4121 368 4206 qni
393 4121 558 4189 neminem
574 4123 641 4188 vult
657 4123 775 4208 perire,
802 4139 866 4187 non
882 4120 1042 4190 immerito
1059 4120 1148 4189 circa
1159 4127 1192 4186 te
1202 4127 1235 4185 et
1245 4119 1320 4185 sub·

191 4229 283 4299 ditos
299 4237 373 4299 tuos
398 4231 625 4299 misericordie
649 4228 830 4298 visceribus
847 4225 1039 4311 affluentes,
1066 4227 1161 4294 Pauli
1177 4225 1320 4312 gentium

190 4337 340 4406 doctoris
356 4337 508 4406 affectum
524 4339 694 4424 induimus,
714 4340 769 4428 qni
785 4339 893 4406 sciens
910 4343 1089 4405 creatorem
1107 4331 1247 4403 omnium
1257 4319 1320 4400 ¹ao-

186 4447 379 4534 ceptionem
404 4467 470 4514 non
486 4447 595 4514 facero
603 4465 828 4532 personarum,
839 4443 1059 4513 coinfirmatus
1069 4439 1204 4508 infirmis
1215 4447 1248 4506 et
1257 4461 1322 4508 om·
1401 4520 1412 4531 .

185 4555 295 4626 nibus
317 4557 428 4626 omnia
452 4557 560 4626 faetus
578 4562 646 4635 est,
669 4563 705 4623 ut
720 4575 832 4624 ornnes
848 4554 987 4622 Domino
1006 4553 1204 4636 lucraretur,
1228 4569 1322 4634 roga-

252 4679 566 4726 cenomannenses.
580 4701 604 4711 -
621 4679 700 4723 arra.
716 4681 736 4722 r.
1121 4661 1162 4724 12
