3220 5058
667 307 830 408 A.

187 501 324 567 tentiam
340 485 613 584 condempnavit:
641 515 663 562 a
687 515 753 582 qua
775 515 847 564 cum
863 517 903 565 ex
919 503 1014 584 parte
1030 495 1229 564 venerabilis
1245 494 1309 562 ira·

186 607 368 676 tris.nostri
383 656 391 673 .
409 657 417 674 .
434 655 442 672 .
459 604 706 693 Arcbiepiscopi
723 603 957 690 strigoniensis
972 604 1090 674 inisset
1105 601 1148 671 ad
1163 610 1309 672 nostram

187 715 389 783 audientiam
405 715 619 800 appellatum,
636 733 697 781 nos
712 715 869 798 magistro
884 714 989 782 Albeo
1005 734 1085 798 sno,
1104 718 1137 781 et
1152 711 1180 778 Ι.
1195 710 1310 778 Archi·

189 821 326 890 diacono
343 823 384 890 de
399 819 507 889 Tilled
532 819 636 908 partis
653 822 789 889 alterius
805 819 1072 906 procuratoribus
1087 821 1176 907 apud
1192 819 1311 888 Sedent

189 929 414 1016 Apostolinam
439 929 643 1014 constitutis,
669 927 825 996 dilectum
849 927 950 997 tilium
975 935 1118 997 nostrum
1142 925 1180 994 0.
1198 925 1312 996 Sancti

189 1039 319 1108 Nicolai
334 1037 367 1106 in
384 1036 523 1104 Oarcere
539 1035 692 1104 'Pulliano
706 1037 891 1106 Diaconum
905 1037 1114 1106 Cardinalem
1130 1035 1312 1104 auditorem

189 1147 340 1214 duximus
357 1144 612 1231 concedendum
628 1163 739 1212 coram
755 1164 818 1229 quo
834 1145 992 1229 magister
1007 1142 1179 1232 proposuit
1194 1157 1313 1210 memo·

188 1241 292 1339 ratus,
306 1253 501 1341 premissam
517 1253 714 1320 sententiam
730 1254 764 1318 in
780 1273 882 1338 gram
898 1253 1004 1340 ipsius
1019 1251 1271 1344 Arobiepiscopi
1281 1239 1323 1317 et

190 1363 339 1431 Ecclesie
355 1363 413 1430 sue
428 1360 643 1448 preindicinm
659 1355 734 1429 es'se
753 1361 874 1447 latam,
901 1379 973 1428 earn
997 1359 1095 1428 iidem
1122 1359 1314 1427 sacerdotes

193 1472 257 1538 sibi
282 1477 315 1538 et
341 1469 447 1536 eidem
474 1469 625 1536 Ecclesia
641 1451 712 1534 iure
725 1469 913 1537 Diooesano
929 1469 1018 1536 nullo
1034 1468 1143 1536 medio
1158 1468 1223 1534 sint
1239 1467 1315 1533 sub·

190 1579 291 1663 jacti,
316 1596 357 1644 ac
380 1577 416 1644 in
441 1595 551 1642 eorum
576 1576 787 1660 possessione
802 1579 855 1642 vel
871 1577 967 1659 quasi
982 1576 1192 1650 subiectionis
1217 1573 1315 1640 iidem

193 1683 471 1769 Arcbicpiscopus
487 1685 520 1746 et
535 1681 685 1746 Ecclesia
702 1681 845 1748 existere
860 1681 1092 1769 dinoscantur,
1111 1701 1213 1764 qnare
1229 1681 1316 1747 dice-

194 1793 253 1858 bat
269 1783 490 1858 executionem
506 1785 611 1872 ipsius
627 1788 789 1854 sententie
804 1785 874 1852 fieri
899 1805 965 1852 non
991 1786 1134 1872 debere,
1159 1807 1231 1854 cunr
1256 1806 1316 1872 per
1433 1769 1437 1779 ’

196 1919 269 1967 eam
285 1899 338 1965 ins
354 1896 500 1964 eiusdem
517 1895 667 1963 Ecclesie
683 1915 748 1961 non
765 1893 1073 1980 ¹rnodicnmledetur
1085 1901 1318 1980 ;·procuratore

195 2005 303 2093 partis
320 2003 457 2071 alterins
473 2001 507 2070 id
522 2007 674 2086 negante.
691 2001 764 2068 Lite
782 2013 857 2069 tero
874 2019 983 2068 coram
994 2001 1163 2070 Oardinali
1172 2001 1318 2088 predicto

196 2131 294 2199 super
308 2109 477 2198 premissis
493 2095 640 2194 legitime
655 2114 851 2193 contestata,
869 2109 1034 2193 laetisque
1049 2111 1246 2206 quibusdam
1263 2129 1318 2195 pc

197 2219 370 2288 sitionibus
387 2223 420 2284 et
434 2214 700 2302 responsionibus
717 2205 762 2284 ad
777 2218 921 2302 easdem,
937 2239 978 2286 ac
994 2218 1089 2285 nobis
1106 2238 1165 2304 per
1182 2214 1319 2304 eundern
1350 2217 1356 2228 '

197 2330 374 2415 prudenter
390 2329 425 2391 et'
437 2324 575 2392 lideliter
590 2323 748 2410 recitatis,
759 2341 818 2391 nos
834 2310 980 2392 libellum
996 2344 1067 2392 enm
1083 2325 1165 2411 ipsis
1181 2325 1320 2410 positio·

197 2435 293 2502 nibus
310 2441 342 2501 et
358 2433 629 2522 responsionibus
645 2431 740 2500 vobis
756 2434 816 2500 sub
834 2433 925 2501 bulla
935 2441 1048 2515 nostra
1058 2433 1320 2523 transmittentes

197 2543 375 2624 inclusum,
401 2539 591 2610 discretioni
614 2547 723 2608 vestre
746 2561 807 2626 per
831 2542 1023 2626 Apostolica
1047 2542 1172 2627 scripta
1185 2541 1319 2607 manda·

197 2669 278 2734 mus,
295 2655 454 2732 quatenus
470 2645 633 2734 premissa
648 2648 871 2716 controversia
896 2654 930 2713 et
953 2649 1098 2734 receptis
1121 2646 1321 2734 probationi·

177 2837 179 2842 ,
198 2762 273 2842 bus,
291 2775 374 2842 quas
390 2765 503 2842 partes
514 2756 680 2822 ¹voluerint
695 2755 880 2849 producere
895 2775 1005 2823 coram
1021 2755 1125 2840 robis,
1143 2761 1209 2822 tam
1223 2772 1321 2840 super

200 2864 375 2952 principali
389 2883 487 2948 qnam
504 2881 604 2949 snper
618 2863 848 2948 reprobatione
864 2865 1005 2948 testium,
1022 2863 1148 2947 siquos
1164 2865 1322 2930 alterutra

200 2972 344 3057 partiam
360 2970 507 3056 legitime
523 2969 659 3042 duxerit,
676 2968 919 3056 reprobandos,
945 2977 978 3038 et
1001 2970 1122 3038 auditis
1147 2968 1222 3036 bino
1245 2969 1322 3038 inde
1427 2987 1432 2994 ·

201 3079 396 3166 propositis,
413 3095 567 3163 causam,
586 3076 616 3146 si
631 3077 673 3144 de
689 3078 830 3164 partium
849 3079 1018 3147 voluntate
1034 3081 1241 3167 processerit,
1256 3074 1321 3144 fine

203 3185 361 3253 canonico
377 3185 580 3270 terminetis,
595 3185 776 3269 iacientes,
797 3185 884 3270 quod
898 3187 1099 3269 statueritis,
1128 3185 1324 3253 auctoritate

203 3299 317 3360 nestra
330 3290 464 3360 firmiter
479 3293 667 3359 observari:
688 3293 834 3377 alioquin
850 3313 983 3362 causam
1000 3293 1107 3379 ipsam
1124 3290 1325 3357 sufficienter

204 3401 396 3468 instructam
411 3397 592 3467 ati-Sedem
606 3400 828 3486 Apostolicam
843 3399 1029 3483 remittatis,
1050 3395 1246 3484 prefigentes
1263 3397 1325 3465 eis·

205 3507 279 3574 dem
294 3507 442 3594 partibus
458 3507 628 3574 terminum
645 3505 906 3592 peremptorium,
924 3503 1044 3573 testum
1060 3505 1215 3574 videlieet
1229 3505 1326 3574 Beati

204 3615 531 3701 lliclraelisproximo
540 3619 801 3696 venturnmgquo
816 3631 877 3700 per
891 3631 928 3680 ss
944 3599 997 3682 vel
1012 3620 1241 3701 procuratores
1256 3613 1325 3682 ido·

205 3741 288 3790 ncos
304 3741 376 3790 eum
391 3719 601 3789 munimentis
617 3727 651 3788 et
666 3721 741 3790 aliis
757 3721 937 3790 rationibus
953 3721 1021 3790 suis
1036 3711 1245 3820 compareant
1270 3741 1325 3788 co·

205 3849 276 3896 rarn
291 3828 397 3909 nobis,
413 3827 535 3896 iustam
548 3833 681 3895 auctore
696 3825 836 3898 Domino
848 3829 1048 3898 sententiam
1063 3835 1243 3916 receptura.
1256 3827 1323 3896 tle·

206 3943 274 4013 stes
294 3943 356 4005 etc.
386 3935 481 4015 Quod
496 3935 526 4002 si
540 3955 605 4012 non
618 3955 732 4024 omnes
748 3945 810 4006 etc.
841 3937 961 4004 Datum
977 3935 1115 4005 Viterbii
1130 3935 1245 4005 Idibus
1257 3937 1322 4004 Nc·

207 4045 349 4115 rembris
364 4039 590 4130 (Pomffimtne
604 4039 721 4126 nestri)
736 4063 823 4115 anuo
838 4061 933 4112 ncnc.
1086 4035 1088 4038 ’

254 4221 318 4294 (lx.
338 4220 465 4298 Gergely
482 4215 559 4294 ptpa
575 4217 772 4294 Regesttibbl,
791 4219 917 4278 'I'lreinsr
934 4219 964 4276 id
983 4236 1019 4276 nr.
1039 4217 1061 4275 l.
1080 4218 1140 4276 ket.
1159 4217 1222 4274 lue.
1240 4216 1272 4292 1.)

652 4457 886 4476 -hhn—-u--b
